timestamp;buyer;seller;symbol;currency;price;quantity
4500;Mark 01;Mark 22;VEV_5400;XIRECS;18.0;2
4500;Mark 01;Mark 22;VEV_5500;XIRECS;8.0;2
4500;Mark 01;Mark 22;VEV_6000;XIRECS;0.0;2
4500;Mark 01;Mark 22;VEV_6500;XIRECS;0.0;2
5100;Mark 38;Mark 22;HYDROGEL_PACK;XIRECS;9960.0;4
5300;Mark 38;Mark 14;VEV_4000;XIRECS;1264.0;2
6100;Mark 55;Mark 01;VELVETFRUIT_EXTRACT;XIRECS;5255.0;3
6200;Mark 38;Mark 14;HYDROGEL_PACK;XIRECS;9955.0;5
9400;Mark 55;Mark 49;VELVETFRUIT_EXTRACT;XIRECS;5244.0;8
9600;Mark 01;Mark 22;VEV_5400;XIRECS;16.0;4
9600;Mark 01;Mark 22;VEV_5500;XIRECS;7.0;4
9600;Mark 01;Mark 22;VEV_6000;XIRECS;0.0;4
9600;Mark 01;Mark 22;VEV_6500;XIRECS;0.0;4
10400;Mark 67;Mark 49;VELVETFRUIT_EXTRACT;XIRECS;5240.0;12
11800;Mark 01;Mark 22;VEV_5500;XIRECS;7.0;4
11800;Mark 01;Mark 22;VEV_6000;XIRECS;0.0;4
11800;Mark 01;Mark 22;VEV_6500;XIRECS;0.0;4
14300;Mark 55;Mark 01;VELVETFRUIT_EXTRACT;XIRECS;5238.0;6
14800;Mark 01;Mark 55;VELVETFRUIT_EXTRACT;XIRECS;5232.0;6
14800;Mark 01;Mark 22;VEV_5300;XIRECS;42.0;4
14800;Mark 01;Mark 22;VEV_5400;XIRECS;14.0;4
14800;Mark 01;Mark 22;VEV_5500;XIRECS;6.0;4
14800;Mark 01;Mark 22;VEV_6000;XIRECS;0.0;4
14800;Mark 01;Mark 22;VEV_6500;XIRECS;0.0;4
15000;Mark 38;Mark 14;HYDROGEL_PACK;XIRECS;9966.0;4
16700;Mark 14;Mark 38;VEV_4000;XIRECS;1221.0;2
16700;Mark 01;Mark 22;VEV_5300;XIRECS;41.0;2
16700;Mark 01;Mark 22;VEV_5400;XIRECS;14.0;2
16700;Mark 01;Mark 22;VEV_5500;XIRECS;6.0;2
16700;Mark 01;Mark 22;VEV_6000;XIRECS;0.0;2
16700;Mark 01;Mark 22;VEV_6500;XIRECS;0.0;2
17300;Mark 14;Mark 38;VEV_4000;XIRECS;1221.0;1
17400;Mark 67;Mark 22;VELVETFRUIT_EXTRACT;XIRECS;5230.0;8
17900;Mark 38;Mark 14;VEV_4000;XIRECS;1243.0;1
19300;Mark 14;Mark 55;VELVETFRUIT_EXTRACT;XIRECS;5226.0;5
20200;Mark 14;Mark 55;VELVETFRUIT_EXTRACT;XIRECS;5224.0;5
22800;Mark 14;Mark 38;HYDROGEL_PACK;XIRECS;9946.0;6
25700;Mark 38;Mark 14;VEV_4000;XIRECS;1241.0;3
29300;Mark 14;Mark 55;VELVETFRUIT_EXTRACT;XIRECS;5237.0;4
30800;Mark 14;Mark 38;HYDROGEL_PACK;XIRECS;9940.0;2
31400;Mark 38;Mark 14;HYDROGEL_PACK;XIRECS;9953.0;3
31700;Mark 55;Mark 01;VELVETFRUIT_EXTRACT;XIRECS;5237.0;4
32000;Mark 14;Mark 38;HYDROGEL_PACK;XIRECS;9938.0;5
32600;Mark 55;Mark 01;VELVETFRUIT_EXTRACT;XIRECS;5240.0;5
32800;Mark 67;Mark 22;VELVETFRUIT_EXTRACT;XIRECS;5238.0;7
33600;Mark 14;Mark 38;HYDROGEL_PACK;XIRECS;9948.0;6
36200;Mark 38;Mark 14;VEV_4000;XIRECS;1244.0;3
36500;Mark 22;Mark 55;VELVETFRUIT_EXTRACT;XIRECS;5232.0;7
37400;Mark 14;Mark 38;HYDROGEL_PACK;XIRECS;9936.0;4
38500;Mark 01;Mark 22;VEV_5500;XIRECS;6.0;5
38500;Mark 01;Mark 22;VEV_6000;XIRECS;0.0;5
38500;Mark 01;Mark 22;VEV_6500;XIRECS;0.0;5
38700;Mark 01;Mark 55;VELVETFRUIT_EXTRACT;XIRECS;5228.0;8
39400;Mark 22;Mark 49;VELVETFRUIT_EXTRACT;XIRECS;5234.0;5
39400;Mark 67;Mark 49;VELVETFRUIT_EXTRACT;XIRECS;5233.0;9
39800;Mark 01;Mark 55;VELVETFRUIT_EXTRACT;XIRECS;5232.0;4
40400;Mark 01;Mark 22;VEV_5300;XIRECS;41.0;4
40400;Mark 01;Mark 22;VEV_5400;XIRECS;14.0;4
40400;Mark 01;Mark 22;VEV_5500;XIRECS;6.0;4
40400;Mark 01;Mark 22;VEV_6000;XIRECS;0.0;4
40400;Mark 01;Mark 22;VEV_6500;XIRECS;0.0;4
40900;Mark 38;Mark 14;HYDROGEL_PACK;XIRECS;9951.0;5
41300;Mark 38;Mark 14;HYDROGEL_PACK;XIRECS;9953.0;5
43400;Mark 01;Mark 22;VEV_5400;XIRECS;13.0;5
43400;Mark 01;Mark 22;VEV_5500;XIRECS;6.0;5
43400;Mark 01;Mark 22;VEV_6000;XIRECS;0.0;5
43400;Mark 01;Mark 22;VEV_6500;XIRECS;0.0;5
43600;Mark 01;Mark 55;VELVETFRUIT_EXTRACT;XIRECS;5229.0;4
43900;Mark 14;Mark 38;HYDROGEL_PACK;XIRECS;9952.0;6
45200;Mark 14;Mark 38;HYDROGEL_PACK;XIRECS;9961.0;2
45400;Mark 67;Mark 22;VELVETFRUIT_EXTRACT;XIRECS;5241.0;8
47700;Mark 01;Mark 55;VELVETFRUIT_EXTRACT;XIRECS;5243.0;4
48300;Mark 14;Mark 38;HYDROGEL_PACK;XIRECS;9960.0;3
48900;Mark 01;Mark 55;VELVETFRUIT_EXTRACT;XIRECS;5241.0;6
49800;Mark 01;Mark 55;VELVETFRUIT_EXTRACT;XIRECS;5244.0;3
50200;Mark 14;Mark 38;VEV_4000;XIRECS;1236.0;2
50300;Mark 38;Mark 14;VEV_4000;XIRECS;1257.0;3
50700;Mark 01;Mark 22;VEV_5400;XIRECS;16.0;5
50700;Mark 01;Mark 22;VEV_5500;XIRECS;7.0;5
50700;Mark 01;Mark 22;VEV_6000;XIRECS;0.0;5
50700;Mark 01;Mark 22;VEV_6500;XIRECS;0.0;5
51700;Mark 14;Mark 55;VELVETFRUIT_EXTRACT;XIRECS;5243.0;4
52400;Mark 14;Mark 38;HYDROGEL_PACK;XIRECS;9961.0;5
52800;Mark 01;Mark 22;VEV_5400;XIRECS;16.0;3
52800;Mark 01;Mark 22;VEV_5500;XIRECS;7.0;3
52800;Mark 01;Mark 22;VEV_6000;XIRECS;0.0;3
52800;Mark 01;Mark 22;VEV_6500;XIRECS;0.0;3
53000;Mark 14;Mark 38;HYDROGEL_PACK;XIRECS;9961.0;4
53400;Mark 14;Mark 22;VEV_5500;XIRECS;7.0;2
53400;Mark 01;Mark 22;VEV_6000;XIRECS;0.0;2
53400;Mark 01;Mark 22;VEV_6500;XIRECS;0.0;2
53800;Mark 38;Mark 14;VEV_4000;XIRECS;1255.0;2
54400;Mark 14;Mark 38;VEV_4000;XIRECS;1234.0;3
57600;Mark 38;Mark 14;VEV_4000;XIRECS;1257.0;3
59300;Mark 14;Mark 38;HYDROGEL_PACK;XIRECS;9949.0;4
59600;Mark 14;Mark 55;VELVETFRUIT_EXTRACT;XIRECS;5244.0;4
60300;Mark 14;Mark 55;VELVETFRUIT_EXTRACT;XIRECS;5245.0;5
61100;Mark 38;Mark 14;HYDROGEL_PACK;XIRECS;9961.0;2
61400;Mark 38;Mark 14;HYDROGEL_PACK;XIRECS;9962.0;2
62100;Mark 14;Mark 55;VELVETFRUIT_EXTRACT;XIRECS;5243.0;6
62600;Mark 38;Mark 14;VEV_4000;XIRECS;1254.0;1
63100;Mark 38;Mark 14;VEV_4000;XIRECS;1252.0;3
63200;Mark 38;Mark 14;HYDROGEL_PACK;XIRECS;9950.0;5
63200;Mark 14;Mark 55;VELVETFRUIT_EXTRACT;XIRECS;5240.0;8
64200;Mark 55;Mark 14;VELVETFRUIT_EXTRACT;XIRECS;5245.0;6
64300;Mark 14;Mark 38;HYDROGEL_PACK;XIRECS;9933.0;4
65400;Mark 14;Mark 38;HYDROGEL_PACK;XIRECS;9930.0;4
65700;Mark 14;Mark 55;VELVETFRUIT_EXTRACT;XIRECS;5240.0;8
65900;Mark 14;Mark 38;HYDROGEL_PACK;XIRECS;9935.0;2
67700;Mark 55;Mark 14;VELVETFRUIT_EXTRACT;XIRECS;5250.0;4
68000;Mark 38;Mark 14;VEV_4000;XIRECS;1258.0;2
69500;Mark 14;Mark 38;HYDROGEL_PACK;XIRECS;9952.0;2
70500;Mark 14;Mark 38;VEV_4000;XIRECS;1232.0;1
73400;Mark 22;Mark 49;VELVETFRUIT_EXTRACT;XIRECS;5237.0;8
73400;Mark 55;Mark 49;VELVETFRUIT_EXTRACT;XIRECS;5236.0;6
73500;Mark 14;Mark 38;HYDROGEL_PACK;XIRECS;9966.0;3
74100;Mark 01;Mark 22;VEV_5300;XIRECS;42.0;3
74100;Mark 01;Mark 22;VEV_5400;XIRECS;14.0;3
74100;Mark 01;Mark 22;VEV_5500;XIRECS;6.0;3
74100;Mark 01;Mark 22;VEV_6000;XIRECS;0.0;3
74100;Mark 01;Mark 22;VEV_6500;XIRECS;0.0;3
74300;Mark 55;Mark 14;VELVETFRUIT_EXTRACT;XIRECS;5238.0;6
74400;Mark 14;Mark 55;VELVETFRUIT_EXTRACT;XIRECS;5235.0;4
76600;Mark 38;Mark 14;HYDROGEL_PACK;XIRECS;9995.0;3
77300;Mark 55;Mark 14;VELVETFRUIT_EXTRACT;XIRECS;5241.0;8
78300;Mark 14;Mark 38;VEV_4000;XIRECS;1229.0;3
78400;Mark 67;Mark 22;VELVETFRUIT_EXTRACT;XIRECS;5238.0;7
78500;Mark 38;Mark 14;HYDROGEL_PACK;XIRECS;10000.0;4
79000;Mark 14;Mark 38;HYDROGEL_PACK;XIRECS;9982.0;3
79800;Mark 38;Mark 14;HYDROGEL_PACK;XIRECS;9994.0;6
81300;Mark 14;Mark 38;HYDROGEL_PACK;XIRECS;9970.0;6
81700;Mark 38;Mark 14;HYDROGEL_PACK;XIRECS;9980.0;3
81900;Mark 38;Mark 14;HYDROGEL_PACK;XIRECS;9978.0;2
82300;Mark 38;Mark 14;HYDROGEL_PACK;XIRECS;9977.0;3
82300;Mark 01;Mark 55;VELVETFRUIT_EXTRACT;XIRECS;5235.0;3
83200;Mark 55;Mark 01;VELVETFRUIT_EXTRACT;XIRECS;5237.0;7
84300;Mark 38;Mark 14;VEV_4000;XIRECS;1243.0;1
84600;Mark 67;Mark 22;VELVETFRUIT_EXTRACT;XIRECS;5233.0;8
85300;Mark 14;Mark 22;VEV_5300;XIRECS;42.0;2
85300;Mark 01;Mark 22;VEV_5400;XIRECS;14.0;2
85300;Mark 01;Mark 22;VEV_5500;XIRECS;6.0;2
85300;Mark 01;Mark 22;VEV_6000;XIRECS;0.0;2
85300;Mark 01;Mark 22;VEV_6500;XIRECS;0.0;2
86100;Mark 01;Mark 22;VEV_5400;XIRECS;14.0;5
86100;Mark 01;Mark 22;VEV_5500;XIRECS;6.0;5
86100;Mark 01;Mark 22;VEV_6000;XIRECS;0.0;5
86100;Mark 01;Mark 22;VEV_6500;XIRECS;0.0;5
87900;Mark 14;Mark 55;VELVETFRUIT_EXTRACT;XIRECS;5239.0;3
88500;Mark 67;Mark 22;VELVETFRUIT_EXTRACT;XIRECS;5242.0;6
89300;Mark 14;Mark 38;VEV_4000;XIRECS;1232.0;3
89800;Mark 01;Mark 22;VEV_5300;XIRECS;45.0;4
89800;Mark 01;Mark 22;VEV_5400;XIRECS;15.0;4
89800;Mark 01;Mark 22;VEV_6000;XIRECS;0.0;4
89800;Mark 01;Mark 22;VEV_6500;XIRECS;0.0;4
91100;Mark 55;Mark 14;VELVETFRUIT_EXTRACT;XIRECS;5244.0;6
92000;Mark 55;Mark 14;VELVETFRUIT_EXTRACT;XIRECS;5243.0;8
92100;Mark 14;Mark 38;HYDROGEL_PACK;XIRECS;9955.0;4
92500;Mark 14;Mark 38;HYDROGEL_PACK;XIRECS;9956.0;2
93700;Mark 55;Mark 01;VELVETFRUIT_EXTRACT;XIRECS;5246.0;6
93800;Mark 55;Mark 01;VELVETFRUIT_EXTRACT;XIRECS;5246.0;7
94400;Mark 38;Mark 14;HYDROGEL_PACK;XIRECS;9974.0;4
97100;Mark 14;Mark 38;HYDROGEL_PACK;XIRECS;9950.0;2
98600;Mark 38;Mark 14;HYDROGEL_PACK;XIRECS;9962.0;2
99000;Mark 38;Mark 14;HYDROGEL_PACK;XIRECS;9961.0;3
100500;Mark 55;Mark 14;VELVETFRUIT_EXTRACT;XIRECS;5248.0;4
101400;Mark 14;Mark 38;HYDROGEL_PACK;XIRECS;9936.0;5
101500;Mark 14;Mark 38;HYDROGEL_PACK;XIRECS;9935.0;6
102500;Mark 14;Mark 38;VEV_4000;XIRECS;1235.0;1
102800;Mark 14;Mark 38;VEV_4000;XIRECS;1236.0;1
103100;Mark 38;Mark 14;HYDROGEL_PACK;XIRECS;9952.0;4
103500;Mark 14;Mark 38;HYDROGEL_PACK;XIRECS;9940.0;3
104400;Mark 55;Mark 14;VELVETFRUIT_EXTRACT;XIRECS;5252.0;6
107100;Mark 14;Mark 38;HYDROGEL_PACK;XIRECS;9952.0;5
107900;Mark 55;Mark 01;VELVETFRUIT_EXTRACT;XIRECS;5267.0;3
109000;Mark 67;Mark 49;VELVETFRUIT_EXTRACT;XIRECS;5265.0;12
109100;Mark 14;Mark 38;HYDROGEL_PACK;XIRECS;9957.0;2
110100;Mark 01;Mark 55;VELVETFRUIT_EXTRACT;XIRECS;5265.0;4
112000;Mark 14;Mark 55;VELVETFRUIT_EXTRACT;XIRECS;5260.0;3
112700;Mark 14;Mark 38;HYDROGEL_PACK;XIRECS;9948.0;2
113900;Mark 38;Mark 14;HYDROGEL_PACK;XIRECS;9956.0;2
115500;Mark 14;Mark 38;HYDROGEL_PACK;XIRECS;9937.0;3
118800;Mark 14;Mark 55;VELVETFRUIT_EXTRACT;XIRECS;5257.0;3
119400;Mark 38;Mark 14;HYDROGEL_PACK;XIRECS;9962.0;3
120300;Mark 01;Mark 22;VEV_5400;XIRECS;18.0;4
120300;Mark 01;Mark 22;VEV_5500;XIRECS;8.0;4
120300;Mark 01;Mark 22;VEV_6000;XIRECS;0.0;4
120300;Mark 01;Mark 22;VEV_6500;XIRECS;0.0;4
120700;Mark 38;Mark 14;HYDROGEL_PACK;XIRECS;9958.0;2
123300;Mark 01;Mark 55;VELVETFRUIT_EXTRACT;XIRECS;5262.0;7
125600;Mark 55;Mark 14;VELVETFRUIT_EXTRACT;XIRECS;5265.0;3
126000;Mark 38;Mark 14;HYDROGEL_PACK;XIRECS;9953.0;4
127200;Mark 01;Mark 22;VEV_5500;XIRECS;8.0;3
127200;Mark 01;Mark 22;VEV_6000;XIRECS;0.0;3
127200;Mark 01;Mark 22;VEV_6500;XIRECS;0.0;3
129100;Mark 38;Mark 14;VEV_4000;XIRECS;1275.0;3
129500;Mark 38;Mark 14;HYDROGEL_PACK;XIRECS;9967.0;6
129800;Mark 14;Mark 38;HYDROGEL_PACK;XIRECS;9951.0;4
130800;Mark 14;Mark 38;HYDROGEL_PACK;XIRECS;9946.0;5
131300;Mark 49;Mark 55;VELVETFRUIT_EXTRACT;XIRECS;5265.0;5
131800;Mark 01;Mark 55;VELVETFRUIT_EXTRACT;XIRECS;5261.0;5
132600;Mark 67;Mark 49;VELVETFRUIT_EXTRACT;XIRECS;5263.0;10
133100;Mark 14;Mark 38;VEV_4000;XIRECS;1253.0;3
133700;Mark 14;Mark 38;HYDROGEL_PACK;XIRECS;9948.0;4
134000;Mark 14;Mark 55;VELVETFRUIT_EXTRACT;XIRECS;5264.0;8
134500;Mark 14;Mark 38;HYDROGEL_PACK;XIRECS;9944.0;6
135200;Mark 55;Mark 01;VELVETFRUIT_EXTRACT;XIRECS;5264.0;8
135500;Mark 14;Mark 55;VELVETFRUIT_EXTRACT;XIRECS;5257.0;7
135900;Mark 01;Mark 22;VEV_5300;XIRECS;52.0;3
135900;Mark 01;Mark 22;VEV_5400;XIRECS;19.0;3
135900;Mark 01;Mark 22;VEV_5500;XIRECS;8.0;3
135900;Mark 01;Mark 22;VEV_6000;XIRECS;0.0;3
135900;Mark 01;Mark 22;VEV_6500;XIRECS;0.0;3
137000;Mark 14;Mark 38;VEV_4000;XIRECS;1252.0;3
137300;Mark 14;Mark 38;VEV_4000;XIRECS;1251.0;3
137600;Mark 38;Mark 14;VEV_4000;XIRECS;1269.0;3
137800;Mark 14;Mark 38;HYDROGEL_PACK;XIRECS;9942.0;3
138000;Mark 01;Mark 55;VELVETFRUIT_EXTRACT;XIRECS;5254.0;7
138100;Mark 38;Mark 14;HYDROGEL_PACK;XIRECS;9959.0;2
139700;Mark 67;Mark 22;VELVETFRUIT_EXTRACT;XIRECS;5257.0;8
140000;Mark 55;Mark 14;VELVETFRUIT_EXTRACT;XIRECS;5261.0;5
140100;Mark 55;Mark 14;VELVETFRUIT_EXTRACT;XIRECS;5260.0;4
141000;Mark 55;Mark 14;VELVETFRUIT_EXTRACT;XIRECS;5260.0;4
142000;Mark 55;Mark 14;VELVETFRUIT_EXTRACT;XIRECS;5262.0;6
144500;Mark 01;Mark 55;VELVETFRUIT_EXTRACT;XIRECS;5258.0;5
145500;Mark 01;Mark 22;VEV_5400;XIRECS;19.0;2
145500;Mark 01;Mark 22;VEV_5500;XIRECS;8.0;2
145500;Mark 01;Mark 22;VEV_6000;XIRECS;0.0;2
145500;Mark 01;Mark 22;VEV_6500;XIRECS;0.0;2
145600;Mark 38;Mark 14;HYDROGEL_PACK;XIRECS;9962.0;5
146500;Mark 38;Mark 14;HYDROGEL_PACK;XIRECS;9963.0;6
146700;Mark 14;Mark 55;VELVETFRUIT_EXTRACT;XIRECS;5260.0;7
147900;Mark 14;Mark 38;VEV_4000;XIRECS;1256.0;1
148000;Mark 38;Mark 14;HYDROGEL_PACK;XIRECS;9972.0;3
148300;Mark 22;Mark 55;VELVETFRUIT_EXTRACT;XIRECS;5265.0;4
150600;Mark 01;Mark 22;VEV_5300;XIRECS;53.0;2
150600;Mark 01;Mark 22;VEV_5400;XIRECS;20.0;2
150600;Mark 01;Mark 22;VEV_5500;XIRECS;8.0;2
150600;Mark 01;Mark 22;VEV_6000;XIRECS;0.0;2
150600;Mark 01;Mark 22;VEV_6500;XIRECS;0.0;2
150700;Mark 55;Mark 01;VELVETFRUIT_EXTRACT;XIRECS;5268.0;7
151100;Mark 14;Mark 38;HYDROGEL_PACK;XIRECS;9945.0;4
151200;Mark 14;Mark 38;HYDROGEL_PACK;XIRECS;9944.0;6
151400;Mark 01;Mark 55;VELVETFRUIT_EXTRACT;XIRECS;5261.0;7
152700;Mark 14;Mark 38;HYDROGEL_PACK;XIRECS;9944.0;5
153000;Mark 01;Mark 22;VEV_5400;XIRECS;18.0;4
153000;Mark 01;Mark 22;VEV_5500;XIRECS;7.0;4
153000;Mark 01;Mark 22;VEV_6000;XIRECS;0.0;4
153000;Mark 01;Mark 22;VEV_6500;XIRECS;0.0;4
154100;Mark 14;Mark 38;VEV_4000;XIRECS;1242.0;3
155900;Mark 38;Mark 14;HYDROGEL_PACK;XIRECS;9966.0;4
156200;Mark 14;Mark 38;VEV_4000;XIRECS;1237.0;1
156400;Mark 14;Mark 38;HYDROGEL_PACK;XIRECS;9949.0;6
159900;Mark 14;Mark 38;HYDROGEL_PACK;XIRECS;9961.0;3
161200;Mark 14;Mark 38;HYDROGEL_PACK;XIRECS;9956.0;6
163300;Mark 67;Mark 22;VELVETFRUIT_EXTRACT;XIRECS;5254.0;10
164000;Mark 14;Mark 55;VELVETFRUIT_EXTRACT;XIRECS;5251.0;5
164300;Mark 38;Mark 14;HYDROGEL_PACK;XIRECS;9973.0;5
165500;Mark 49;Mark 55;VELVETFRUIT_EXTRACT;XIRECS;5250.0;4
167300;Mark 14;Mark 38;HYDROGEL_PACK;XIRECS;9957.0;3
167600;Mark 01;Mark 55;VELVETFRUIT_EXTRACT;XIRECS;5249.0;6
167600;Mark 14;Mark 38;VEV_4000;XIRECS;1242.0;2
168400;Mark 14;Mark 55;VELVETFRUIT_EXTRACT;XIRECS;5248.0;3
168500;Mark 38;Mark 14;VEV_4000;XIRECS;1261.0;2
168700;Mark 38;Mark 14;VEV_4000;XIRECS;1260.0;1
170400;Mark 01;Mark 22;VEV_5400;XIRECS;17.0;5
170400;Mark 01;Mark 22;VEV_5500;XIRECS;7.0;5
170400;Mark 01;Mark 22;VEV_6000;XIRECS;0.0;5
170400;Mark 01;Mark 22;VEV_6500;XIRECS;0.0;5
170500;Mark 14;Mark 22;VEV_5300;XIRECS;46.0;3
170500;Mark 01;Mark 22;VEV_5500;XIRECS;7.0;3
170500;Mark 01;Mark 22;VEV_6000;XIRECS;0.0;3
170500;Mark 01;Mark 22;VEV_6500;XIRECS;0.0;3
170900;Mark 38;Mark 14;VEV_4000;XIRECS;1260.0;3
171400;Mark 38;Mark 14;HYDROGEL_PACK;XIRECS;9992.0;6
171700;Mark 01;Mark 55;VELVETFRUIT_EXTRACT;XIRECS;5248.0;7
172400;Mark 14;Mark 38;VEV_4000;XIRECS;1238.0;1
172500;Mark 01;Mark 22;VEV_5300;XIRECS;46.0;5
172500;Mark 01;Mark 22;VEV_5400;XIRECS;17.0;5
172500;Mark 01;Mark 22;VEV_5500;XIRECS;7.0;5
172500;Mark 01;Mark 22;VEV_6000;XIRECS;0.0;5
172500;Mark 01;Mark 22;VEV_6500;XIRECS;0.0;5
174200;Mark 38;Mark 14;HYDROGEL_PACK;XIRECS;9988.0;5
174400;Mark 38;Mark 14;HYDROGEL_PACK;XIRECS;9991.0;6
178000;Mark 14;Mark 38;HYDROGEL_PACK;XIRECS;9988.0;3
179200;Mark 01;Mark 55;VELVETFRUIT_EXTRACT;XIRECS;5243.0;4
180100;Mark 55;Mark 01;VELVETFRUIT_EXTRACT;XIRECS;5248.0;3
182100;Mark 14;Mark 38;HYDROGEL_PACK;XIRECS;10012.0;3
182800;Mark 14;Mark 38;HYDROGEL_PACK;XIRECS;10010.0;5
184200;Mark 38;Mark 14;VEV_4000;XIRECS;1251.0;3
185800;Mark 38;Mark 14;HYDROGEL_PACK;XIRECS;10040.0;4
187400;Mark 55;Mark 01;VELVETFRUIT_EXTRACT;XIRECS;5235.0;8
187600;Mark 55;Mark 01;VELVETFRUIT_EXTRACT;XIRECS;5235.0;5
188400;Mark 14;Mark 38;HYDROGEL_PACK;XIRECS;10021.0;4
188800;Mark 22;Mark 55;VELVETFRUIT_EXTRACT;XIRECS;5232.0;6
190100;Mark 01;Mark 22;VEV_5300;XIRECS;42.0;3
190100;Mark 01;Mark 22;VEV_5400;XIRECS;15.0;3
190100;Mark 01;Mark 22;VEV_5500;XIRECS;6.0;3
190100;Mark 01;Mark 22;VEV_6000;XIRECS;0.0;3
190100;Mark 01;Mark 22;VEV_6500;XIRECS;0.0;3
190600;Mark 14;Mark 55;VELVETFRUIT_EXTRACT;XIRECS;5234.0;6
190700;Mark 55;Mark 14;VELVETFRUIT_EXTRACT;XIRECS;5239.0;3
191100;Mark 14;Mark 55;VELVETFRUIT_EXTRACT;XIRECS;5237.0;8
192600;Mark 14;Mark 55;VELVETFRUIT_EXTRACT;XIRECS;5231.0;3
192800;Mark 14;Mark 38;HYDROGEL_PACK;XIRECS;10007.0;5
193400;Mark 38;Mark 14;HYDROGEL_PACK;XIRECS;10026.0;4
194200;Mark 38;Mark 14;VEV_4000;XIRECS;1247.0;2
194400;Mark 14;Mark 55;VELVETFRUIT_EXTRACT;XIRECS;5234.0;5
195200;Mark 55;Mark 14;VELVETFRUIT_EXTRACT;XIRECS;5236.0;3
195600;Mark 01;Mark 22;VEV_5300;XIRECS;41.0;3
195600;Mark 01;Mark 22;VEV_5400;XIRECS;14.0;3
195600;Mark 01;Mark 22;VEV_5500;XIRECS;6.0;3
195600;Mark 01;Mark 22;VEV_6000;XIRECS;0.0;3
195600;Mark 01;Mark 22;VEV_6500;XIRECS;0.0;3
196100;Mark 55;Mark 14;VELVETFRUIT_EXTRACT;XIRECS;5236.0;5
196700;Mark 14;Mark 38;VEV_4000;XIRECS;1225.0;1
197600;Mark 67;Mark 49;VELVETFRUIT_EXTRACT;XIRECS;5237.0;9
198900;Mark 55;Mark 14;VELVETFRUIT_EXTRACT;XIRECS;5243.0;5
199200;Mark 55;Mark 14;VELVETFRUIT_EXTRACT;XIRECS;5243.0;5
199400;Mark 38;Mark 14;HYDROGEL_PACK;XIRECS;10029.0;3
202300;Mark 38;Mark 14;VEV_4000;XIRECS;1252.0;3
202700;Mark 38;Mark 14;HYDROGEL_PACK;XIRECS;10033.0;5
203200;Mark 14;Mark 38;HYDROGEL_PACK;XIRECS;10014.0;6
203700;Mark 55;Mark 14;VELVETFRUIT_EXTRACT;XIRECS;5241.0;3
206200;Mark 14;Mark 22;VEV_5400;XIRECS;16.0;3
206200;Mark 01;Mark 22;VEV_6000;XIRECS;0.0;3
206200;Mark 01;Mark 22;VEV_6500;XIRECS;0.0;3
206600;Mark 38;Mark 14;VEV_4000;XIRECS;1255.0;1
206800;Mark 01;Mark 55;VELVETFRUIT_EXTRACT;XIRECS;5241.0;6
207600;Mark 55;Mark 01;VELVETFRUIT_EXTRACT;XIRECS;5251.0;4
210300;Mark 14;Mark 55;VELVETFRUIT_EXTRACT;XIRECS;5250.0;5
210600;Mark 14;Mark 38;HYDROGEL_PACK;XIRECS;9990.0;5
211100;Mark 14;Mark 38;HYDROGEL_PACK;XIRECS;9996.0;6
213700;Mark 55;Mark 01;VELVETFRUIT_EXTRACT;XIRECS;5259.0;5
214400;Mark 01;Mark 55;VELVETFRUIT_EXTRACT;XIRECS;5250.0;3
215000;Mark 14;Mark 55;VELVETFRUIT_EXTRACT;XIRECS;5249.0;4
216000;Mark 38;Mark 14;VEV_4000;XIRECS;1263.0;1
217100;Mark 55;Mark 14;VELVETFRUIT_EXTRACT;XIRECS;5257.0;4
217500;Mark 38;Mark 14;HYDROGEL_PACK;XIRECS;10011.0;4
217800;Mark 38;Mark 14;VEV_4000;XIRECS;1263.0;1
218500;Mark 38;Mark 14;HYDROGEL_PACK;XIRECS;10017.0;5
218900;Mark 38;Mark 14;HYDROGEL_PACK;XIRECS;10014.0;3
218900;Mark 14;Mark 55;VELVETFRUIT_EXTRACT;XIRECS;5249.0;8
221200;Mark 38;Mark 14;HYDROGEL_PACK;XIRECS;10011.0;5
221800;Mark 14;Mark 55;VELVETFRUIT_EXTRACT;XIRECS;5241.0;7
222900;Mark 14;Mark 38;VEV_4000;XIRECS;1236.0;3
223300;Mark 38;Mark 14;VEV_4000;XIRECS;1257.0;2
224100;Mark 38;Mark 14;VEV_4000;XIRECS;1258.0;2
225100;Mark 55;Mark 14;VELVETFRUIT_EXTRACT;XIRECS;5254.0;5
226100;Mark 14;Mark 38;HYDROGEL_PACK;XIRECS;9974.0;5
229100;Mark 38;Mark 14;VEV_4000;XIRECS;1258.0;1
230000;Mark 38;Mark 14;HYDROGEL_PACK;XIRECS;9998.0;4
230800;Mark 38;Mark 14;HYDROGEL_PACK;XIRECS;10007.0;3
235300;Mark 01;Mark 22;VEV_5400;XIRECS;16.0;3
235300;Mark 01;Mark 22;VEV_5500;XIRECS;7.0;3
235300;Mark 01;Mark 22;VEV_6000;XIRECS;0.0;3
235300;Mark 01;Mark 22;VEV_6500;XIRECS;0.0;3
235900;Mark 14;Mark 38;HYDROGEL_PACK;XIRECS;9998.0;3
237900;Mark 55;Mark 01;VELVETFRUIT_EXTRACT;XIRECS;5254.0;6
238200;Mark 38;Mark 14;HYDROGEL_PACK;XIRECS;10025.0;2
239400;Mark 14;Mark 55;VELVETFRUIT_EXTRACT;XIRECS;5251.0;6
239600;Mark 14;Mark 38;HYDROGEL_PACK;XIRECS;10006.0;4
239600;Mark 55;Mark 22;VELVETFRUIT_EXTRACT;XIRECS;5255.0;5
239700;Mark 38;Mark 14;HYDROGEL_PACK;XIRECS;10021.0;6
240200;Mark 55;Mark 14;VELVETFRUIT_EXTRACT;XIRECS;5258.0;3
240600;Mark 14;Mark 38;HYDROGEL_PACK;XIRECS;10013.0;3
241900;Mark 14;Mark 38;HYDROGEL_PACK;XIRECS;10005.0;2
242900;Mark 67;Mark 22;VELVETFRUIT_EXTRACT;XIRECS;5254.0;5
245600;Mark 55;Mark 14;VELVETFRUIT_EXTRACT;XIRECS;5256.0;6
248200;Mark 38;Mark 14;HYDROGEL_PACK;XIRECS;10025.0;5
248300;Mark 01;Mark 55;VELVETFRUIT_EXTRACT;XIRECS;5257.0;5
250500;Mark 01;Mark 55;VELVETFRUIT_EXTRACT;XIRECS;5260.0;4
250600;Mark 14;Mark 38;VEV_4000;XIRECS;1252.0;2
251200;Mark 01;Mark 55;VELVETFRUIT_EXTRACT;XIRECS;5262.0;8
251600;Mark 38;Mark 14;VEV_4000;XIRECS;1275.0;3
251900;Mark 67;Mark 49;VELVETFRUIT_EXTRACT;XIRECS;5263.0;14
252400;Mark 55;Mark 14;VELVETFRUIT_EXTRACT;XIRECS;5267.0;6
252500;Mark 14;Mark 38;HYDROGEL_PACK;XIRECS;9988.0;3
252500;Mark 01;Mark 22;VEV_5300;XIRECS;53.0;2
252500;Mark 01;Mark 22;VEV_5400;XIRECS;19.0;2
252500;Mark 01;Mark 22;VEV_5500;XIRECS;8.0;2
252500;Mark 01;Mark 22;VEV_6000;XIRECS;0.0;2
252500;Mark 01;Mark 22;VEV_6500;XIRECS;0.0;2
253900;Mark 55;Mark 14;VELVETFRUIT_EXTRACT;XIRECS;5266.0;3
254700;Mark 38;Mark 14;HYDROGEL_PACK;XIRECS;9997.0;5
255000;Mark 14;Mark 38;HYDROGEL_PACK;XIRECS;9980.0;4
255300;Mark 14;Mark 38;HYDROGEL_PACK;XIRECS;9973.0;2
255400;Mark 14;Mark 38;HYDROGEL_PACK;XIRECS;9973.0;3
258400;Mark 67;Mark 22;VELVETFRUIT_EXTRACT;XIRECS;5257.0;8
262200;Mark 01;Mark 55;VELVETFRUIT_EXTRACT;XIRECS;5250.0;4
262300;Mark 38;Mark 14;HYDROGEL_PACK;XIRECS;10005.0;4
262800;Mark 38;Mark 14;HYDROGEL_PACK;XIRECS;10008.0;2
263100;Mark 38;Mark 14;VEV_4000;XIRECS;1268.0;3
263900;Mark 55;Mark 14;VELVETFRUIT_EXTRACT;XIRECS;5257.0;7
265400;Mark 67;Mark 49;VELVETFRUIT_EXTRACT;XIRECS;5250.0;9
265600;Mark 14;Mark 55;VELVETFRUIT_EXTRACT;XIRECS;5248.0;5
265800;Mark 55;Mark 14;VELVETFRUIT_EXTRACT;XIRECS;5252.0;7
265900;Mark 14;Mark 38;VEV_4000;XIRECS;1240.0;1
266300;Mark 38;Mark 14;HYDROGEL_PACK;XIRECS;9999.0;4
266500;Mark 55;Mark 01;VELVETFRUIT_EXTRACT;XIRECS;5253.0;5
266600;Mark 38;Mark 14;HYDROGEL_PACK;XIRECS;9997.0;4
267400;Mark 55;Mark 14;VELVETFRUIT_EXTRACT;XIRECS;5253.0;3
268300;Mark 38;Mark 14;VEV_4000;XIRECS;1257.0;2
268700;Mark 55;Mark 14;VELVETFRUIT_EXTRACT;XIRECS;5251.0;5
269300;Mark 14;Mark 38;HYDROGEL_PACK;XIRECS;9973.0;3
269300;Mark 01;Mark 55;VELVETFRUIT_EXTRACT;XIRECS;5247.0;5
271600;Mark 14;Mark 38;VEV_4000;XIRECS;1248.0;1
272600;Mark 67;Mark 22;VELVETFRUIT_EXTRACT;XIRECS;5261.0;7
274600;Mark 38;Mark 14;HYDROGEL_PACK;XIRECS;9989.0;2
275300;Mark 55;Mark 01;VELVETFRUIT_EXTRACT;XIRECS;5259.0;8
275700;Mark 38;Mark 14;HYDROGEL_PACK;XIRECS;9996.0;2
276500;Mark 55;Mark 14;VELVETFRUIT_EXTRACT;XIRECS;5255.0;7
277400;Mark 55;Mark 14;VELVETFRUIT_EXTRACT;XIRECS;5254.0;4
278300;Mark 55;Mark 14;VELVETFRUIT_EXTRACT;XIRECS;5258.0;5
279600;Mark 55;Mark 01;VELVETFRUIT_EXTRACT;XIRECS;5260.0;4
280500;Mark 38;Mark 14;HYDROGEL_PACK;XIRECS;9973.0;2
281100;Mark 14;Mark 38;HYDROGEL_PACK;XIRECS;9952.0;3
281400;Mark 67;Mark 49;VELVETFRUIT_EXTRACT;XIRECS;5253.0;15
281500;Mark 38;Mark 14;VEV_4000;XIRECS;1267.0;1
282200;Mark 38;Mark 14;HYDROGEL_PACK;XIRECS;9979.0;2
282200;Mark 14;Mark 55;VELVETFRUIT_EXTRACT;XIRECS;5260.0;7
283400;Mark 55;Mark 14;VELVETFRUIT_EXTRACT;XIRECS;5259.0;7
285400;Mark 14;Mark 38;HYDROGEL_PACK;XIRECS;9965.0;5
286300;Mark 55;Mark 01;VELVETFRUIT_EXTRACT;XIRECS;5266.0;6
286600;Mark 38;Mark 14;VEV_4000;XIRECS;1277.0;2
288800;Mark 38;Mark 14;VEV_4000;XIRECS;1278.0;1
289100;Mark 55;Mark 14;VELVETFRUIT_EXTRACT;XIRECS;5271.0;5
289200;Mark 67;Mark 49;VELVETFRUIT_EXTRACT;XIRECS;5266.0;11
290900;Mark 38;Mark 14;HYDROGEL_PACK;XIRECS;9965.0;3
291400;Mark 55;Mark 49;VELVETFRUIT_EXTRACT;XIRECS;5274.0;5
291800;Mark 67;Mark 22;VELVETFRUIT_EXTRACT;XIRECS;5270.0;5
292400;Mark 55;Mark 01;VELVETFRUIT_EXTRACT;XIRECS;5275.0;8
292800;Mark 14;Mark 38;HYDROGEL_PACK;XIRECS;9951.0;6
295000;Mark 38;Mark 14;HYDROGEL_PACK;XIRECS;9959.0;5
296900;Mark 01;Mark 55;VELVETFRUIT_EXTRACT;XIRECS;5270.0;5
297100;Mark 38;Mark 14;HYDROGEL_PACK;XIRECS;9958.0;3
297400;Mark 55;Mark 14;VELVETFRUIT_EXTRACT;XIRECS;5275.0;4
297500;Mark 14;Mark 38;VEV_4000;XIRECS;1262.0;1
301100;Mark 38;Mark 14;HYDROGEL_PACK;XIRECS;9966.0;3
301300;Mark 38;Mark 14;HYDROGEL_PACK;XIRECS;9967.0;2
302400;Mark 14;Mark 38;HYDROGEL_PACK;XIRECS;9936.0;6
304000;Mark 01;Mark 22;VEV_5400;XIRECS;19.0;3
304000;Mark 01;Mark 22;VEV_5500;XIRECS;8.0;3
304000;Mark 01;Mark 22;VEV_6000;XIRECS;0.0;3
304000;Mark 01;Mark 22;VEV_6500;XIRECS;0.0;3
304200;Mark 14;Mark 38;HYDROGEL_PACK;XIRECS;9944.0;2
306500;Mark 38;Mark 14;HYDROGEL_PACK;XIRECS;9967.0;5
307100;Mark 38;Mark 14;VEV_4000;XIRECS;1279.0;1
307500;Mark 55;Mark 01;VELVETFRUIT_EXTRACT;XIRECS;5275.0;8
308000;Mark 14;Mark 38;HYDROGEL_PACK;XIRECS;9943.0;3
308100;Mark 14;Mark 38;HYDROGEL_PACK;XIRECS;9945.0;4
308100;Mark 67;Mark 22;VELVETFRUIT_EXTRACT;XIRECS;5271.0;6
309500;Mark 55;Mark 01;VELVETFRUIT_EXTRACT;XIRECS;5268.0;4
310100;Mark 14;Mark 22;VEV_5400;XIRECS;20.0;5
310100;Mark 01;Mark 22;VEV_5500;XIRECS;8.0;5
310100;Mark 01;Mark 22;VEV_6000;XIRECS;0.0;5
310100;Mark 01;Mark 22;VEV_6500;XIRECS;0.0;5
310500;Mark 67;Mark 49;VELVETFRUIT_EXTRACT;XIRECS;5266.0;11
310600;Mark 14;Mark 55;VELVETFRUIT_EXTRACT;XIRECS;5264.0;3
313000;Mark 55;Mark 01;VELVETFRUIT_EXTRACT;XIRECS;5267.0;5
314500;Mark 14;Mark 55;VELVETFRUIT_EXTRACT;XIRECS;5251.0;4
316200;Mark 38;Mark 14;HYDROGEL_PACK;XIRECS;9939.0;5
317100;Mark 14;Mark 38;HYDROGEL_PACK;XIRECS;9929.0;4
318300;Mark 38;Mark 14;HYDROGEL_PACK;XIRECS;9950.0;4
318900;Mark 55;Mark 14;VELVETFRUIT_EXTRACT;XIRECS;5250.0;4
321900;Mark 55;Mark 14;VELVETFRUIT_EXTRACT;XIRECS;5253.0;7
322000;Mark 01;Mark 22;VEV_5400;XIRECS;16.0;2
322000;Mark 01;Mark 22;VEV_5500;XIRECS;7.0;2
322000;Mark 01;Mark 22;VEV_6000;XIRECS;0.0;2
322000;Mark 01;Mark 22;VEV_6500;XIRECS;0.0;2
322600;Mark 14;Mark 22;VEV_5200;XIRECS;98.0;4
322600;Mark 01;Mark 22;VEV_5500;XIRECS;7.0;4
322600;Mark 01;Mark 22;VEV_6000;XIRECS;0.0;4
322600;Mark 01;Mark 22;VEV_6500;XIRECS;0.0;4
323300;Mark 38;Mark 14;HYDROGEL_PACK;XIRECS;9956.0;5
323300;Mark 38;Mark 14;VEV_4000;XIRECS;1262.0;3
324100;Mark 55;Mark 14;VELVETFRUIT_EXTRACT;XIRECS;5254.0;7
324600;Mark 38;Mark 14;HYDROGEL_PACK;XIRECS;9946.0;6
325300;Mark 14;Mark 38;VEV_4000;XIRECS;1237.0;2
326300;Mark 38;Mark 14;VEV_4000;XIRECS;1261.0;1
327600;Mark 14;Mark 38;HYDROGEL_PACK;XIRECS;9928.0;5
327700;Mark 38;Mark 14;HYDROGEL_PACK;XIRECS;9946.0;6
328000;Mark 14;Mark 38;VEV_4000;XIRECS;1243.0;1
328400;Mark 14;Mark 38;VEV_4000;XIRECS;1240.0;1
328500;Mark 14;Mark 55;VELVETFRUIT_EXTRACT;XIRECS;5249.0;4
331400;Mark 14;Mark 38;VEV_4000;XIRECS;1232.0;1
333100;Mark 01;Mark 55;VELVETFRUIT_EXTRACT;XIRECS;5236.0;4
334900;Mark 14;Mark 38;VEV_4000;XIRECS;1237.0;1
335300;Mark 14;Mark 38;HYDROGEL_PACK;XIRECS;9943.0;5
335300;Mark 01;Mark 55;VELVETFRUIT_EXTRACT;XIRECS;5245.0;3
335500;Mark 38;Mark 14;HYDROGEL_PACK;XIRECS;9961.0;4
338100;Mark 14;Mark 38;HYDROGEL_PACK;XIRECS;9931.0;3
339500;Mark 14;Mark 38;HYDROGEL_PACK;XIRECS;9932.0;3
340100;Mark 38;Mark 14;VEV_4000;XIRECS;1260.0;2
340500;Mark 67;Mark 49;VELVETFRUIT_EXTRACT;XIRECS;5249.0;9
342000;Mark 14;Mark 55;VELVETFRUIT_EXTRACT;XIRECS;5249.0;6
342400;Mark 14;Mark 38;HYDROGEL_PACK;XIRECS;9944.0;5
343100;Mark 38;Mark 14;HYDROGEL_PACK;XIRECS;9966.0;2
343400;Mark 67;Mark 49;VELVETFRUIT_EXTRACT;XIRECS;5251.0;13
344000;Mark 14;Mark 38;HYDROGEL_PACK;XIRECS;9953.0;5
344200;Mark 55;Mark 01;VELVETFRUIT_EXTRACT;XIRECS;5253.0;4
345700;Mark 38;Mark 14;HYDROGEL_PACK;XIRECS;9957.0;6
345700;Mark 14;Mark 55;VELVETFRUIT_EXTRACT;XIRECS;5245.0;7
345900;Mark 38;Mark 14;HYDROGEL_PACK;XIRECS;9958.0;3
348500;Mark 14;Mark 38;HYDROGEL_PACK;XIRECS;9964.0;5
350300;Mark 01;Mark 22;VEV_5400;XIRECS;15.0;4
350300;Mark 01;Mark 22;VEV_5500;XIRECS;6.0;4
350300;Mark 01;Mark 22;VEV_6000;XIRECS;0.0;4
350300;Mark 01;Mark 22;VEV_6500;XIRECS;0.0;4
350900;Mark 38;Mark 14;VEV_4000;XIRECS;1256.0;3
351000;Mark 38;Mark 14;HYDROGEL_PACK;XIRECS;9973.0;3
356800;Mark 14;Mark 38;VEV_4000;XIRECS;1234.0;2
357100;Mark 38;Mark 14;HYDROGEL_PACK;XIRECS;9963.0;6
358100;Mark 14;Mark 55;VELVETFRUIT_EXTRACT;XIRECS;5245.0;6
358300;Mark 14;Mark 38;VEV_4000;XIRECS;1237.0;3
358500;Mark 38;Mark 14;HYDROGEL_PACK;XIRECS;9960.0;6
360600;Mark 14;Mark 38;HYDROGEL_PACK;XIRECS;9951.0;2
362700;Mark 14;Mark 38;HYDROGEL_PACK;XIRECS;9961.0;3
363100;Mark 38;Mark 14;HYDROGEL_PACK;XIRECS;9983.0;4
364800;Mark 38;Mark 14;HYDROGEL_PACK;XIRECS;9978.0;5
364900;Mark 14;Mark 55;VELVETFRUIT_EXTRACT;XIRECS;5251.0;7
365000;Mark 14;Mark 38;VEV_4000;XIRECS;1242.0;2
365600;Mark 14;Mark 55;VELVETFRUIT_EXTRACT;XIRECS;5250.0;8
367900;Mark 67;Mark 22;VELVETFRUIT_EXTRACT;XIRECS;5248.0;5
368500;Mark 38;Mark 14;HYDROGEL_PACK;XIRECS;9983.0;6
371400;Mark 14;Mark 38;HYDROGEL_PACK;XIRECS;9953.0;2
373400;Mark 38;Mark 14;HYDROGEL_PACK;XIRECS;9970.0;3
373700;Mark 14;Mark 38;HYDROGEL_PACK;XIRECS;9954.0;5
374100;Mark 14;Mark 55;VELVETFRUIT_EXTRACT;XIRECS;5253.0;6
374400;Mark 14;Mark 55;VELVETFRUIT_EXTRACT;XIRECS;5253.0;4
374800;Mark 14;Mark 38;VEV_4000;XIRECS;1242.0;3
375100;Mark 14;Mark 38;HYDROGEL_PACK;XIRECS;9947.0;2
376300;Mark 14;Mark 38;VEV_4000;XIRECS;1236.0;2
376600;Mark 01;Mark 22;VEV_5300;XIRECS;46.0;5
376600;Mark 01;Mark 22;VEV_5400;XIRECS;15.0;5
376600;Mark 01;Mark 22;VEV_5500;XIRECS;6.0;5
376600;Mark 01;Mark 22;VEV_6000;XIRECS;0.0;5
376600;Mark 01;Mark 22;VEV_6500;XIRECS;0.0;5
377900;Mark 14;Mark 22;VEV_5300;XIRECS;47.0;2
377900;Mark 01;Mark 22;VEV_5500;XIRECS;6.0;2
377900;Mark 01;Mark 22;VEV_6000;XIRECS;0.0;2
377900;Mark 01;Mark 22;VEV_6500;XIRECS;0.0;2
380100;Mark 38;Mark 14;HYDROGEL_PACK;XIRECS;9957.0;6
380700;Mark 38;Mark 14;HYDROGEL_PACK;XIRECS;9948.0;4
380900;Mark 01;Mark 55;VELVETFRUIT_EXTRACT;XIRECS;5250.0;8
381700;Mark 55;Mark 14;VELVETFRUIT_EXTRACT;XIRECS;5255.0;8
383300;Mark 38;Mark 14;HYDROGEL_PACK;XIRECS;9945.0;5
383600;Mark 38;Mark 14;HYDROGEL_PACK;XIRECS;9948.0;4
383700;Mark 14;Mark 55;VELVETFRUIT_EXTRACT;XIRECS;5246.0;7
384200;Mark 14;Mark 38;VEV_4000;XIRECS;1239.0;1
384500;Mark 14;Mark 38;VEV_4000;XIRECS;1238.0;3
385800;Mark 38;Mark 14;HYDROGEL_PACK;XIRECS;9943.0;6
385900;Mark 14;Mark 55;VELVETFRUIT_EXTRACT;XIRECS;5245.0;3
386000;Mark 14;Mark 55;VELVETFRUIT_EXTRACT;XIRECS;5244.0;8
386800;Mark 38;Mark 14;VEV_4000;XIRECS;1257.0;2
390100;Mark 67;Mark 49;VELVETFRUIT_EXTRACT;XIRECS;5244.0;10
390800;Mark 14;Mark 38;VEV_4000;XIRECS;1233.0;3
392300;Mark 14;Mark 55;VELVETFRUIT_EXTRACT;XIRECS;5242.0;5
393000;Mark 01;Mark 55;VELVETFRUIT_EXTRACT;XIRECS;5242.0;4
393900;Mark 01;Mark 55;VELVETFRUIT_EXTRACT;XIRECS;5241.0;6
394700;Mark 14;Mark 55;VELVETFRUIT_EXTRACT;XIRECS;5237.0;8
394800;Mark 14;Mark 38;HYDROGEL_PACK;XIRECS;9941.0;5
396000;Mark 55;Mark 01;VELVETFRUIT_EXTRACT;XIRECS;5246.0;8
396200;Mark 01;Mark 55;VELVETFRUIT_EXTRACT;XIRECS;5240.0;7
396300;Mark 38;Mark 14;HYDROGEL_PACK;XIRECS;9956.0;4
397800;Mark 38;Mark 14;HYDROGEL_PACK;XIRECS;9950.0;4
398400;Mark 14;Mark 55;VELVETFRUIT_EXTRACT;XIRECS;5235.0;6
399700;Mark 01;Mark 22;VEV_5400;XIRECS;14.0;5
399700;Mark 01;Mark 22;VEV_5500;XIRECS;6.0;5
399700;Mark 01;Mark 22;VEV_6000;XIRECS;0.0;5
399700;Mark 01;Mark 22;VEV_6500;XIRECS;0.0;5
399900;Mark 14;Mark 38;VEV_4000;XIRECS;1231.0;1
400100;Mark 14;Mark 55;VELVETFRUIT_EXTRACT;XIRECS;5240.0;8
401900;Mark 01;Mark 55;VELVETFRUIT_EXTRACT;XIRECS;5242.0;8
402400;Mark 14;Mark 55;VELVETFRUIT_EXTRACT;XIRECS;5240.0;6
403500;Mark 01;Mark 55;VELVETFRUIT_EXTRACT;XIRECS;5239.0;8
403600;Mark 14;Mark 38;HYDROGEL_PACK;XIRECS;9922.0;6
404200;Mark 55;Mark 14;VELVETFRUIT_EXTRACT;XIRECS;5247.0;4
406400;Mark 55;Mark 14;VELVETFRUIT_EXTRACT;XIRECS;5246.0;5
409300;Mark 14;Mark 38;HYDROGEL_PACK;XIRECS;9929.0;6
410400;Mark 01;Mark 22;VEV_5400;XIRECS;13.0;3
410400;Mark 01;Mark 22;VEV_5500;XIRECS;5.0;3
410400;Mark 01;Mark 22;VEV_6000;XIRECS;0.0;3
410400;Mark 01;Mark 22;VEV_6500;XIRECS;0.0;3
410600;Mark 55;Mark 14;VELVETFRUIT_EXTRACT;XIRECS;5239.0;6
411000;Mark 38;Mark 14;HYDROGEL_PACK;XIRECS;9951.0;4
411200;Mark 55;Mark 01;VELVETFRUIT_EXTRACT;XIRECS;5236.0;7
411300;Mark 55;Mark 01;VELVETFRUIT_EXTRACT;XIRECS;5236.0;7
411400;Mark 38;Mark 14;HYDROGEL_PACK;XIRECS;9952.0;3
412300;Mark 38;Mark 14;HYDROGEL_PACK;XIRECS;9953.0;2
414000;Mark 38;Mark 14;HYDROGEL_PACK;XIRECS;9962.0;2
414400;Mark 14;Mark 38;HYDROGEL_PACK;XIRECS;9945.0;3
414800;Mark 14;Mark 38;HYDROGEL_PACK;XIRECS;9940.0;3
415700;Mark 55;Mark 14;VELVETFRUIT_EXTRACT;XIRECS;5234.0;3
419700;Mark 38;Mark 14;VEV_4000;XIRECS;1241.0;1
419900;Mark 55;Mark 01;VELVETFRUIT_EXTRACT;XIRECS;5231.0;6
421500;Mark 14;Mark 38;HYDROGEL_PACK;XIRECS;9946.0;3
424500;Mark 55;Mark 14;VELVETFRUIT_EXTRACT;XIRECS;5235.0;7
425400;Mark 38;Mark 14;VEV_4000;XIRECS;1246.0;1
426800;Mark 14;Mark 55;VELVETFRUIT_EXTRACT;XIRECS;5232.0;8
427000;Mark 14;Mark 38;HYDROGEL_PACK;XIRECS;9950.0;2
427600;Mark 55;Mark 14;VELVETFRUIT_EXTRACT;XIRECS;5237.0;8
428000;Mark 01;Mark 22;VEV_5400;XIRECS;13.0;2
428000;Mark 01;Mark 22;VEV_5500;XIRECS;5.0;2
428000;Mark 01;Mark 22;VEV_6000;XIRECS;0.0;2
428000;Mark 01;Mark 22;VEV_6500;XIRECS;0.0;2
430200;Mark 55;Mark 14;VELVETFRUIT_EXTRACT;XIRECS;5230.0;3
431000;Mark 55;Mark 01;VELVETFRUIT_EXTRACT;XIRECS;5233.0;5
431700;Mark 55;Mark 14;VELVETFRUIT_EXTRACT;XIRECS;5233.0;4
432100;Mark 55;Mark 14;VELVETFRUIT_EXTRACT;XIRECS;5234.0;3
435300;Mark 01;Mark 55;VELVETFRUIT_EXTRACT;XIRECS;5225.0;8
436200;Mark 38;Mark 14;HYDROGEL_PACK;XIRECS;9935.0;5
437100;Mark 38;Mark 22;VEV_4000;XIRECS;1233.0;1
437100;Mark 38;Mark 22;VEV_4500;XIRECS;733.0;1
437100;Mark 38;Mark 22;VEV_5000;XIRECS;238.0;1
437100;Mark 38;Mark 22;VEV_5100;XIRECS;152.0;1
437100;Mark 38;Mark 22;VEV_5200;XIRECS;87.0;1
437100;Mark 38;Mark 22;VEV_5300;XIRECS;41.0;1
437100;Mark 01;Mark 22;VEV_5400;XIRECS;13.0;4
437100;Mark 01;Mark 22;VEV_5500;XIRECS;5.0;4
437100;Mark 01;Mark 22;VEV_6000;XIRECS;0.0;4
437100;Mark 01;Mark 22;VEV_6500;XIRECS;0.0;4
438000;Mark 01;Mark 55;VELVETFRUIT_EXTRACT;XIRECS;5230.0;7
440300;Mark 38;Mark 14;HYDROGEL_PACK;XIRECS;9922.0;2
441300;Mark 14;Mark 38;HYDROGEL_PACK;XIRECS;9902.0;2
443600;Mark 14;Mark 38;HYDROGEL_PACK;XIRECS;9908.0;2
444000;Mark 14;Mark 38;VEV_4000;XIRECS;1230.0;3
444300;Mark 01;Mark 55;VELVETFRUIT_EXTRACT;XIRECS;5238.0;7
445900;Mark 55;Mark 14;VELVETFRUIT_EXTRACT;XIRECS;5249.0;4
448100;Mark 55;Mark 01;VELVETFRUIT_EXTRACT;XIRECS;5254.0;3
448700;Mark 14;Mark 38;VEV_4000;XIRECS;1238.0;3
450000;Mark 14;Mark 38;HYDROGEL_PACK;XIRECS;9932.0;5
453500;Mark 01;Mark 55;VELVETFRUIT_EXTRACT;XIRECS;5245.0;8
453600;Mark 55;Mark 01;VELVETFRUIT_EXTRACT;XIRECS;5252.0;4
454800;Mark 01;Mark 55;VELVETFRUIT_EXTRACT;XIRECS;5245.0;3
455200;Mark 01;Mark 55;VELVETFRUIT_EXTRACT;XIRECS;5244.0;6
455400;Mark 38;Mark 14;VEV_4000;XIRECS;1257.0;1
455700;Mark 01;Mark 22;VEV_5400;XIRECS;15.0;4
455700;Mark 01;Mark 22;VEV_5500;XIRECS;6.0;4
455700;Mark 01;Mark 22;VEV_6000;XIRECS;0.0;4
455700;Mark 01;Mark 22;VEV_6500;XIRECS;0.0;4
457700;Mark 14;Mark 38;HYDROGEL_PACK;XIRECS;9914.0;4
458400;Mark 55;Mark 14;VELVETFRUIT_EXTRACT;XIRECS;5248.0;3
459900;Mark 55;Mark 01;VELVETFRUIT_EXTRACT;XIRECS;5252.0;8
459900;Mark 14;Mark 38;VEV_4000;XIRECS;1239.0;2
460400;Mark 01;Mark 22;VEV_5300;XIRECS;47.0;3
460400;Mark 14;Mark 22;VEV_5400;XIRECS;16.0;3
460400;Mark 01;Mark 22;VEV_5500;XIRECS;6.0;3
460400;Mark 01;Mark 22;VEV_6000;XIRECS;0.0;3
460400;Mark 01;Mark 22;VEV_6500;XIRECS;0.0;3
460700;Mark 55;Mark 14;VELVETFRUIT_EXTRACT;XIRECS;5254.0;6
462300;Mark 55;Mark 01;VELVETFRUIT_EXTRACT;XIRECS;5259.0;8
462500;Mark 38;Mark 14;HYDROGEL_PACK;XIRECS;9932.0;2
464200;Mark 14;Mark 38;VEV_4000;XIRECS;1241.0;1
465300;Mark 55;Mark 14;VELVETFRUIT_EXTRACT;XIRECS;5255.0;8
468000;Mark 01;Mark 55;VELVETFRUIT_EXTRACT;XIRECS;5247.0;3
469300;Mark 01;Mark 55;VELVETFRUIT_EXTRACT;XIRECS;5252.0;6
469600;Mark 14;Mark 55;VELVETFRUIT_EXTRACT;XIRECS;5252.0;7
470400;Mark 55;Mark 14;VELVETFRUIT_EXTRACT;XIRECS;5257.0;4
472600;Mark 14;Mark 55;VELVETFRUIT_EXTRACT;XIRECS;5249.0;3
475400;Mark 55;Mark 49;VELVETFRUIT_EXTRACT;XIRECS;5254.0;7
475500;Mark 14;Mark 38;VEV_4000;XIRECS;1244.0;1
476200;Mark 38;Mark 14;HYDROGEL_PACK;XIRECS;9959.0;3
476500;Mark 01;Mark 22;VEV_5400;XIRECS;17.0;2
476500;Mark 01;Mark 22;VEV_5500;XIRECS;7.0;2
476500;Mark 01;Mark 22;VEV_6000;XIRECS;0.0;2
476500;Mark 01;Mark 22;VEV_6500;XIRECS;0.0;2
477600;Mark 14;Mark 38;HYDROGEL_PACK;XIRECS;9941.0;5
477900;Mark 55;Mark 01;VELVETFRUIT_EXTRACT;XIRECS;5258.0;5
478900;Mark 14;Mark 55;VELVETFRUIT_EXTRACT;XIRECS;5250.0;4
479100;Mark 38;Mark 14;HYDROGEL_PACK;XIRECS;9973.0;5
480100;Mark 67;Mark 49;VELVETFRUIT_EXTRACT;XIRECS;5250.0;10
480700;Mark 38;Mark 14;VEV_4000;XIRECS;1259.0;2
480900;Mark 14;Mark 38;VEV_4000;XIRECS;1239.0;2
481300;Mark 38;Mark 14;VEV_4000;XIRECS;1257.0;3
483100;Mark 55;Mark 14;VELVETFRUIT_EXTRACT;XIRECS;5245.0;8
483200;Mark 38;Mark 14;VEV_4000;XIRECS;1252.0;3
483800;Mark 01;Mark 55;VELVETFRUIT_EXTRACT;XIRECS;5238.0;7
485300;Mark 14;Mark 38;HYDROGEL_PACK;XIRECS;9952.0;3
486400;Mark 01;Mark 55;VELVETFRUIT_EXTRACT;XIRECS;5239.0;7
489600;Mark 14;Mark 38;HYDROGEL_PACK;XIRECS;9948.0;4
489700;Mark 14;Mark 55;VELVETFRUIT_EXTRACT;XIRECS;5237.0;6
489700;Mark 01;Mark 22;VEV_5300;XIRECS;43.0;4
489700;Mark 01;Mark 22;VEV_5400;XIRECS;14.0;4
489700;Mark 01;Mark 22;VEV_5500;XIRECS;5.0;4
489700;Mark 01;Mark 22;VEV_6000;XIRECS;0.0;4
489700;Mark 01;Mark 22;VEV_6500;XIRECS;0.0;4
490900;Mark 55;Mark 14;VELVETFRUIT_EXTRACT;XIRECS;5246.0;5
491100;Mark 14;Mark 38;VEV_4000;XIRECS;1233.0;3
492100;Mark 14;Mark 55;VELVETFRUIT_EXTRACT;XIRECS;5241.0;5
493900;Mark 01;Mark 55;VELVETFRUIT_EXTRACT;XIRECS;5237.0;3
494500;Mark 38;Mark 14;HYDROGEL_PACK;XIRECS;9975.0;4
494700;Mark 14;Mark 38;VEV_4000;XIRECS;1228.0;2
495300;Mark 14;Mark 38;HYDROGEL_PACK;XIRECS;9964.0;5
496200;Mark 14;Mark 55;VELVETFRUIT_EXTRACT;XIRECS;5239.0;5
496300;Mark 14;Mark 38;VEV_4000;XIRECS;1230.0;2
498200;Mark 22;Mark 49;VELVETFRUIT_EXTRACT;XIRECS;5241.0;5
498400;Mark 14;Mark 55;VELVETFRUIT_EXTRACT;XIRECS;5238.0;7
499900;Mark 14;Mark 38;HYDROGEL_PACK;XIRECS;9990.0;6
500800;Mark 14;Mark 38;HYDROGEL_PACK;XIRECS;9987.0;4
501400;Mark 14;Mark 38;HYDROGEL_PACK;XIRECS;9987.0;6
502000;Mark 14;Mark 38;HYDROGEL_PACK;XIRECS;9985.0;3
502700;Mark 01;Mark 22;VEV_5500;XIRECS;6.0;2
502700;Mark 01;Mark 22;VEV_6000;XIRECS;0.0;2
502700;Mark 01;Mark 22;VEV_6500;XIRECS;0.0;2
503500;Mark 14;Mark 38;HYDROGEL_PACK;XIRECS;9994.0;6
503500;Mark 14;Mark 38;VEV_4000;XIRECS;1240.0;3
505300;Mark 55;Mark 22;VELVETFRUIT_EXTRACT;XIRECS;5256.0;3
506200;Mark 14;Mark 55;VELVETFRUIT_EXTRACT;XIRECS;5254.0;5
507200;Mark 38;Mark 14;HYDROGEL_PACK;XIRECS;10012.0;4
507800;Mark 14;Mark 38;HYDROGEL_PACK;XIRECS;9992.0;6
509100;Mark 14;Mark 38;VEV_4000;XIRECS;1250.0;3
509700;Mark 67;Mark 49;VELVETFRUIT_EXTRACT;XIRECS;5260.0;13
509900;Mark 14;Mark 38;HYDROGEL_PACK;XIRECS;10005.0;5
510100;Mark 14;Mark 38;HYDROGEL_PACK;XIRECS;10003.0;3
513200;Mark 38;Mark 14;HYDROGEL_PACK;XIRECS;10010.0;5
514100;Mark 49;Mark 22;VELVETFRUIT_EXTRACT;XIRECS;5263.0;7
514500;Mark 14;Mark 55;VELVETFRUIT_EXTRACT;XIRECS;5265.0;6
515200;Mark 14;Mark 38;HYDROGEL_PACK;XIRECS;10000.0;4
516800;Mark 14;Mark 55;VELVETFRUIT_EXTRACT;XIRECS;5261.0;5
517900;Mark 14;Mark 38;VEV_4000;XIRECS;1249.0;1
518800;Mark 38;Mark 14;VEV_4000;XIRECS;1271.0;1
519000;Mark 14;Mark 38;HYDROGEL_PACK;XIRECS;10002.0;5
519100;Mark 14;Mark 38;VEV_4000;XIRECS;1246.0;2
519400;Mark 38;Mark 14;HYDROGEL_PACK;XIRECS;10017.0;2
519500;Mark 01;Mark 22;VEV_5300;XIRECS;50.0;4
519500;Mark 01;Mark 22;VEV_5400;XIRECS;17.0;4
519500;Mark 01;Mark 22;VEV_5500;XIRECS;6.0;4
519500;Mark 01;Mark 22;VEV_6000;XIRECS;0.0;4
519500;Mark 01;Mark 22;VEV_6500;XIRECS;0.0;4
520400;Mark 38;Mark 14;HYDROGEL_PACK;XIRECS;10019.0;2
520500;Mark 01;Mark 55;VELVETFRUIT_EXTRACT;XIRECS;5256.0;4
521100;Mark 14;Mark 38;VEV_4000;XIRECS;1248.0;2
521800;Mark 55;Mark 14;VELVETFRUIT_EXTRACT;XIRECS;5265.0;3
523300;Mark 55;Mark 01;VELVETFRUIT_EXTRACT;XIRECS;5262.0;3
524000;Mark 01;Mark 22;VEV_5400;XIRECS;17.0;4
524000;Mark 14;Mark 22;VEV_5500;XIRECS;7.0;4
524000;Mark 01;Mark 22;VEV_6000;XIRECS;0.0;4
524000;Mark 01;Mark 22;VEV_6500;XIRECS;0.0;4
524500;Mark 67;Mark 22;VELVETFRUIT_EXTRACT;XIRECS;5259.0;7
525500;Mark 14;Mark 38;VEV_4000;XIRECS;1247.0;1
526200;Mark 01;Mark 55;VELVETFRUIT_EXTRACT;XIRECS;5250.0;8
526600;Mark 38;Mark 14;HYDROGEL_PACK;XIRECS;10021.0;4
527700;Mark 38;Mark 14;HYDROGEL_PACK;XIRECS;10021.0;6
527700;Mark 55;Mark 14;VELVETFRUIT_EXTRACT;XIRECS;5255.0;6
528600;Mark 55;Mark 14;VELVETFRUIT_EXTRACT;XIRECS;5254.0;4
529400;Mark 55;Mark 14;VELVETFRUIT_EXTRACT;XIRECS;5256.0;4
530000;Mark 01;Mark 55;VELVETFRUIT_EXTRACT;XIRECS;5249.0;6
530300;Mark 14;Mark 38;HYDROGEL_PACK;XIRECS;10010.0;3
530600;Mark 14;Mark 38;HYDROGEL_PACK;XIRECS;10010.0;5
533100;Mark 38;Mark 14;HYDROGEL_PACK;XIRECS;10029.0;2
533400;Mark 38;Mark 14;HYDROGEL_PACK;XIRECS;10030.0;5
534100;Mark 14;Mark 55;VELVETFRUIT_EXTRACT;XIRECS;5244.0;3
534800;Mark 38;Mark 14;HYDROGEL_PACK;XIRECS;10018.0;3
537500;Mark 14;Mark 38;HYDROGEL_PACK;XIRECS;10014.0;2
537500;Mark 55;Mark 01;VELVETFRUIT_EXTRACT;XIRECS;5241.0;4
537900;Mark 22;Mark 55;VELVETFRUIT_EXTRACT;XIRECS;5239.0;6
538000;Mark 38;Mark 14;HYDROGEL_PACK;XIRECS;10024.0;2
538900;Mark 38;Mark 14;HYDROGEL_PACK;XIRECS;10022.0;6
540700;Mark 14;Mark 55;VELVETFRUIT_EXTRACT;XIRECS;5238.0;7
542600;Mark 38;Mark 14;HYDROGEL_PACK;XIRECS;10012.0;6
544300;Mark 14;Mark 55;VELVETFRUIT_EXTRACT;XIRECS;5236.0;4
544400;Mark 55;Mark 01;VELVETFRUIT_EXTRACT;XIRECS;5240.0;6
544500;Mark 38;Mark 14;VEV_4000;XIRECS;1246.0;2
545000;Mark 14;Mark 55;VELVETFRUIT_EXTRACT;XIRECS;5235.0;4
547600;Mark 01;Mark 22;VEV_5400;XIRECS;12.0;4
547600;Mark 01;Mark 22;VEV_6000;XIRECS;0.0;4
547600;Mark 01;Mark 22;VEV_6500;XIRECS;0.0;4
547800;Mark 14;Mark 55;VELVETFRUIT_EXTRACT;XIRECS;5232.0;3
548400;Mark 01;Mark 22;VEV_5400;XIRECS;12.0;5
548400;Mark 01;Mark 22;VEV_6000;XIRECS;0.0;5
548400;Mark 01;Mark 22;VEV_6500;XIRECS;0.0;5
549800;Mark 55;Mark 01;VELVETFRUIT_EXTRACT;XIRECS;5236.0;5
550300;Mark 38;Mark 14;VEV_4000;XIRECS;1242.0;1
550400;Mark 14;Mark 38;HYDROGEL_PACK;XIRECS;9998.0;2
550900;Mark 14;Mark 38;VEV_4000;XIRECS;1221.0;2
551600;Mark 67;Mark 22;VELVETFRUIT_EXTRACT;XIRECS;5234.0;8
552600;Mark 38;Mark 14;VEV_4000;XIRECS;1244.0;3
553100;Mark 01;Mark 22;VEV_5300;XIRECS;39.0;4
553100;Mark 01;Mark 22;VEV_5500;XIRECS;4.0;4
553100;Mark 01;Mark 22;VEV_6000;XIRECS;0.0;4
553100;Mark 01;Mark 22;VEV_6500;XIRECS;0.0;4
553300;Mark 38;Mark 14;HYDROGEL_PACK;XIRECS;10032.0;6
556400;Mark 55;Mark 01;VELVETFRUIT_EXTRACT;XIRECS;5228.0;8
556900;Mark 14;Mark 38;VEV_4000;XIRECS;1219.0;3
557200;Mark 14;Mark 55;VELVETFRUIT_EXTRACT;XIRECS;5225.0;4
563500;Mark 01;Mark 55;VELVETFRUIT_EXTRACT;XIRECS;5226.0;8
563600;Mark 14;Mark 38;HYDROGEL_PACK;XIRECS;9991.0;2
564000;Mark 67;Mark 49;VELVETFRUIT_EXTRACT;XIRECS;5231.0;12
564300;Mark 14;Mark 22;VEV_5200;XIRECS;84.0;2
564300;Mark 01;Mark 22;VEV_5300;XIRECS;40.0;2
564300;Mark 01;Mark 22;VEV_5400;XIRECS;12.0;2
564300;Mark 01;Mark 22;VEV_5500;XIRECS;4.0;2
564300;Mark 01;Mark 22;VEV_6000;XIRECS;0.0;2
564300;Mark 01;Mark 22;VEV_6500;XIRECS;0.0;2
564900;Mark 55;Mark 01;VELVETFRUIT_EXTRACT;XIRECS;5236.0;6
565500;Mark 55;Mark 01;VELVETFRUIT_EXTRACT;XIRECS;5239.0;7
566100;Mark 22;Mark 38;HYDROGEL_PACK;XIRECS;10011.0;4
567200;Mark 01;Mark 22;VEV_5400;XIRECS;13.0;2
567200;Mark 01;Mark 22;VEV_5500;XIRECS;5.0;2
567200;Mark 01;Mark 22;VEV_6000;XIRECS;0.0;2
567200;Mark 01;Mark 22;VEV_6500;XIRECS;0.0;2
567700;Mark 38;Mark 14;VEV_4000;XIRECS;1246.0;1
568200;Mark 55;Mark 14;VELVETFRUIT_EXTRACT;XIRECS;5237.0;7
568700;Mark 14;Mark 38;HYDROGEL_PACK;XIRECS;10000.0;5
568800;Mark 38;Mark 14;VEV_4000;XIRECS;1250.0;2
568900;Mark 01;Mark 22;VEV_5300;XIRECS;43.0;4
568900;Mark 01;Mark 22;VEV_5400;XIRECS;13.0;4
568900;Mark 01;Mark 22;VEV_5500;XIRECS;5.0;4
568900;Mark 01;Mark 22;VEV_6000;XIRECS;0.0;4
568900;Mark 01;Mark 22;VEV_6500;XIRECS;0.0;4
569900;Mark 14;Mark 38;VEV_4000;XIRECS;1227.0;1
570200;Mark 67;Mark 22;VELVETFRUIT_EXTRACT;XIRECS;5236.0;7
571600;Mark 01;Mark 55;VELVETFRUIT_EXTRACT;XIRECS;5235.0;7
574000;Mark 55;Mark 01;VELVETFRUIT_EXTRACT;XIRECS;5238.0;3
574800;Mark 01;Mark 22;VEV_5400;XIRECS;12.0;2
574800;Mark 01;Mark 22;VEV_5500;XIRECS;4.0;2
574800;Mark 01;Mark 22;VEV_6000;XIRECS;0.0;2
574800;Mark 01;Mark 22;VEV_6500;XIRECS;0.0;2
575800;Mark 67;Mark 22;VELVETFRUIT_EXTRACT;XIRECS;5235.0;8
575800;Mark 01;Mark 22;VEV_5500;XIRECS;5.0;5
575800;Mark 01;Mark 22;VEV_6000;XIRECS;0.0;5
575800;Mark 01;Mark 22;VEV_6500;XIRECS;0.0;5
576400;Mark 01;Mark 55;VELVETFRUIT_EXTRACT;XIRECS;5233.0;3
576700;Mark 38;Mark 14;VEV_4000;XIRECS;1245.0;2
578400;Mark 67;Mark 22;VELVETFRUIT_EXTRACT;XIRECS;5237.0;5
578600;Mark 38;Mark 14;HYDROGEL_PACK;XIRECS;10014.0;3
578800;Mark 14;Mark 38;HYDROGEL_PACK;XIRECS;9998.0;6
580600;Mark 14;Mark 38;HYDROGEL_PACK;XIRECS;10001.0;4
581100;Mark 55;Mark 14;VELVETFRUIT_EXTRACT;XIRECS;5240.0;7
581700;Mark 55;Mark 01;VELVETFRUIT_EXTRACT;XIRECS;5237.0;3
582900;Mark 49;Mark 22;VELVETFRUIT_EXTRACT;XIRECS;5236.0;9
584800;Mark 14;Mark 55;VELVETFRUIT_EXTRACT;XIRECS;5234.0;7
584900;Mark 01;Mark 55;VELVETFRUIT_EXTRACT;XIRECS;5234.0;7
587200;Mark 01;Mark 55;VELVETFRUIT_EXTRACT;XIRECS;5242.0;3
588200;Mark 01;Mark 22;VEV_5300;XIRECS;45.0;4
588200;Mark 01;Mark 22;VEV_5400;XIRECS;14.0;4
588200;Mark 01;Mark 22;VEV_5500;XIRECS;5.0;4
588200;Mark 01;Mark 22;VEV_6000;XIRECS;0.0;4
588200;Mark 01;Mark 22;VEV_6500;XIRECS;0.0;4
588600;Mark 49;Mark 22;VELVETFRUIT_EXTRACT;XIRECS;5245.0;5
589100;Mark 14;Mark 38;VEV_4000;XIRECS;1234.0;3
590100;Mark 14;Mark 38;HYDROGEL_PACK;XIRECS;9989.0;2
594900;Mark 22;Mark 55;VELVETFRUIT_EXTRACT;XIRECS;5239.0;4
595300;Mark 01;Mark 55;VELVETFRUIT_EXTRACT;XIRECS;5238.0;8
596300;Mark 38;Mark 14;HYDROGEL_PACK;XIRECS;10027.0;2
597200;Mark 14;Mark 55;VELVETFRUIT_EXTRACT;XIRECS;5237.0;7
597400;Mark 14;Mark 55;VELVETFRUIT_EXTRACT;XIRECS;5237.0;4
599600;Mark 14;Mark 38;VEV_4000;XIRECS;1226.0;1
600000;Mark 55;Mark 01;VELVETFRUIT_EXTRACT;XIRECS;5237.0;7
600100;Mark 14;Mark 38;VEV_4000;XIRECS;1223.0;2
600400;Mark 38;Mark 14;HYDROGEL_PACK;XIRECS;10035.0;4
601200;Mark 14;Mark 38;VEV_4000;XIRECS;1223.0;1
601700;Mark 14;Mark 38;HYDROGEL_PACK;XIRECS;10013.0;2
603000;Mark 55;Mark 01;VELVETFRUIT_EXTRACT;XIRECS;5234.0;6
604600;Mark 01;Mark 22;VEV_5300;XIRECS;39.0;5
604600;Mark 01;Mark 22;VEV_5400;XIRECS;11.0;5
604600;Mark 01;Mark 22;VEV_5500;XIRECS;4.0;5
604600;Mark 01;Mark 22;VEV_6000;XIRECS;0.0;5
604600;Mark 01;Mark 22;VEV_6500;XIRECS;0.0;5
604700;Mark 14;Mark 38;HYDROGEL_PACK;XIRECS;10017.0;5
605700;Mark 01;Mark 55;VELVETFRUIT_EXTRACT;XIRECS;5226.0;7
606400;Mark 14;Mark 38;HYDROGEL_PACK;XIRECS;10020.0;5
608100;Mark 38;Mark 14;VEV_4000;XIRECS;1230.0;2
608500;Mark 67;Mark 22;VELVETFRUIT_EXTRACT;XIRECS;5218.0;10
609900;Mark 14;Mark 55;VELVETFRUIT_EXTRACT;XIRECS;5222.0;6
612500;Mark 14;Mark 55;VELVETFRUIT_EXTRACT;XIRECS;5219.0;5
612900;Mark 22;Mark 49;VELVETFRUIT_EXTRACT;XIRECS;5225.0;10
612900;Mark 01;Mark 55;VELVETFRUIT_EXTRACT;XIRECS;5223.0;8
614100;Mark 14;Mark 38;HYDROGEL_PACK;XIRECS;9998.0;4
616300;Mark 14;Mark 55;VELVETFRUIT_EXTRACT;XIRECS;5228.0;5
617400;Mark 14;Mark 55;VELVETFRUIT_EXTRACT;XIRECS;5231.0;7
617900;Mark 01;Mark 22;VEV_5300;XIRECS;40.0;2
617900;Mark 01;Mark 22;VEV_5400;XIRECS;12.0;2
617900;Mark 01;Mark 22;VEV_5500;XIRECS;4.0;2
617900;Mark 01;Mark 22;VEV_6000;XIRECS;0.0;2
617900;Mark 01;Mark 22;VEV_6500;XIRECS;0.0;2
618300;Mark 01;Mark 22;VEV_5300;XIRECS;40.0;2
618300;Mark 01;Mark 22;VEV_5400;XIRECS;12.0;2
618300;Mark 01;Mark 22;VEV_5500;XIRECS;4.0;2
618300;Mark 01;Mark 22;VEV_6000;XIRECS;0.0;2
618300;Mark 01;Mark 22;VEV_6500;XIRECS;0.0;2
618900;Mark 55;Mark 22;VELVETFRUIT_EXTRACT;XIRECS;5231.0;3
619800;Mark 55;Mark 14;VELVETFRUIT_EXTRACT;XIRECS;5236.0;7
620500;Mark 55;Mark 14;VELVETFRUIT_EXTRACT;XIRECS;5235.0;3
621700;Mark 38;Mark 14;VEV_4000;XIRECS;1245.0;3
621800;Mark 14;Mark 38;HYDROGEL_PACK;XIRECS;9993.0;2
621900;Mark 55;Mark 14;VELVETFRUIT_EXTRACT;XIRECS;5236.0;6
622400;Mark 67;Mark 49;VELVETFRUIT_EXTRACT;XIRECS;5235.0;13
622800;Mark 14;Mark 38;VEV_4000;XIRECS;1227.0;1
624400;Mark 14;Mark 22;VEV_5200;XIRECS;88.0;2
624400;Mark 01;Mark 22;VEV_5300;XIRECS;42.0;2
624400;Mark 01;Mark 22;VEV_5400;XIRECS;13.0;2
624400;Mark 01;Mark 22;VEV_5500;XIRECS;5.0;2
624400;Mark 01;Mark 22;VEV_6000;XIRECS;0.0;2
624400;Mark 01;Mark 22;VEV_6500;XIRECS;0.0;2
624700;Mark 55;Mark 01;VELVETFRUIT_EXTRACT;XIRECS;5242.0;5
625100;Mark 14;Mark 38;HYDROGEL_PACK;XIRECS;10004.0;2
626000;Mark 14;Mark 55;VELVETFRUIT_EXTRACT;XIRECS;5232.0;4
628100;Mark 55;Mark 01;VELVETFRUIT_EXTRACT;XIRECS;5231.0;6
628300;Mark 14;Mark 55;VELVETFRUIT_EXTRACT;XIRECS;5225.0;7
630400;Mark 38;Mark 14;HYDROGEL_PACK;XIRECS;10019.0;5
631500;Mark 38;Mark 14;VEV_4000;XIRECS;1230.0;3
631700;Mark 01;Mark 22;VEV_5400;XIRECS;10.0;3
631700;Mark 01;Mark 22;VEV_6000;XIRECS;0.0;3
631700;Mark 01;Mark 22;VEV_6500;XIRECS;0.0;3
632800;Mark 67;Mark 22;VELVETFRUIT_EXTRACT;XIRECS;5216.0;7
634500;Mark 55;Mark 14;VELVETFRUIT_EXTRACT;XIRECS;5218.0;5
634800;Mark 01;Mark 55;VELVETFRUIT_EXTRACT;XIRECS;5214.0;6
634800;Mark 67;Mark 22;VELVETFRUIT_EXTRACT;XIRECS;5216.0;8
634900;Mark 14;Mark 38;HYDROGEL_PACK;XIRECS;10010.0;2
635700;Mark 38;Mark 14;HYDROGEL_PACK;XIRECS;10034.0;3
636100;Mark 14;Mark 22;VEV_5200;XIRECS;79.0;4
636100;Mark 01;Mark 22;VEV_5300;XIRECS;37.0;4
636100;Mark 01;Mark 22;VEV_5500;XIRECS;4.0;4
636100;Mark 01;Mark 22;VEV_6000;XIRECS;0.0;4
636100;Mark 01;Mark 22;VEV_6500;XIRECS;0.0;4
637500;Mark 14;Mark 38;HYDROGEL_PACK;XIRECS;10018.0;4
640300;Mark 22;Mark 38;HYDROGEL_PACK;XIRECS;10029.0;3
640500;Mark 01;Mark 55;VELVETFRUIT_EXTRACT;XIRECS;5212.0;3
640700;Mark 38;Mark 14;HYDROGEL_PACK;XIRECS;10042.0;4
642100;Mark 14;Mark 22;VEV_5200;XIRECS;74.0;4
642100;Mark 01;Mark 22;VEV_5300;XIRECS;34.0;4
642100;Mark 01;Mark 22;VEV_5400;XIRECS;9.0;4
642100;Mark 01;Mark 22;VEV_5500;XIRECS;3.0;4
642100;Mark 01;Mark 22;VEV_6000;XIRECS;0.0;4
642100;Mark 01;Mark 22;VEV_6500;XIRECS;0.0;4
644900;Mark 55;Mark 01;VELVETFRUIT_EXTRACT;XIRECS;5210.0;6
645000;Mark 38;Mark 14;VEV_4000;XIRECS;1218.0;3
646100;Mark 55;Mark 14;VELVETFRUIT_EXTRACT;XIRECS;5211.0;3
647000;Mark 38;Mark 14;HYDROGEL_PACK;XIRECS;10003.0;3
647200;Mark 14;Mark 38;VEV_4000;XIRECS;1196.0;3
647400;Mark 14;Mark 38;HYDROGEL_PACK;XIRECS;9993.0;2
647600;Mark 14;Mark 38;HYDROGEL_PACK;XIRECS;9991.0;4
647900;Mark 14;Mark 38;HYDROGEL_PACK;XIRECS;9989.0;6
648200;Mark 55;Mark 14;VELVETFRUIT_EXTRACT;XIRECS;5208.0;6
648400;Mark 38;Mark 14;HYDROGEL_PACK;XIRECS;10001.0;2
650300;Mark 14;Mark 55;VELVETFRUIT_EXTRACT;XIRECS;5198.0;6
652100;Mark 01;Mark 55;VELVETFRUIT_EXTRACT;XIRECS;5198.0;6
652800;Mark 14;Mark 38;HYDROGEL_PACK;XIRECS;9979.0;2
653200;Mark 14;Mark 38;HYDROGEL_PACK;XIRECS;9975.0;6
653300;Mark 14;Mark 38;HYDROGEL_PACK;XIRECS;9974.0;5
654200;Mark 01;Mark 22;VEV_5400;XIRECS;8.0;2
654200;Mark 01;Mark 22;VEV_5500;XIRECS;3.0;2
654200;Mark 01;Mark 22;VEV_6000;XIRECS;0.0;2
654200;Mark 01;Mark 22;VEV_6500;XIRECS;0.0;2
654300;Mark 14;Mark 55;VELVETFRUIT_EXTRACT;XIRECS;5205.0;8
655100;Mark 55;Mark 14;VELVETFRUIT_EXTRACT;XIRECS;5210.0;8
657800;Mark 55;Mark 01;VELVETFRUIT_EXTRACT;XIRECS;5213.0;5
659200;Mark 55;Mark 01;VELVETFRUIT_EXTRACT;XIRECS;5215.0;7
661300;Mark 38;Mark 14;HYDROGEL_PACK;XIRECS;10011.0;6
666100;Mark 38;Mark 14;HYDROGEL_PACK;XIRECS;10028.0;3
666500;Mark 01;Mark 55;VELVETFRUIT_EXTRACT;XIRECS;5220.0;7
667400;Mark 55;Mark 01;VELVETFRUIT_EXTRACT;XIRECS;5227.0;6
669200;Mark 38;Mark 14;HYDROGEL_PACK;XIRECS;10027.0;4
669900;Mark 01;Mark 55;VELVETFRUIT_EXTRACT;XIRECS;5216.0;7
671200;Mark 14;Mark 38;VEV_4000;XIRECS;1209.0;3
673800;Mark 14;Mark 38;HYDROGEL_PACK;XIRECS;10000.0;4
674000;Mark 01;Mark 22;VEV_5300;XIRECS;37.0;3
674000;Mark 01;Mark 22;VEV_5400;XIRECS;10.0;3
674000;Mark 01;Mark 22;VEV_5500;XIRECS;4.0;3
674000;Mark 01;Mark 22;VEV_6000;XIRECS;0.0;3
674000;Mark 01;Mark 22;VEV_6500;XIRECS;0.0;3
675700;Mark 14;Mark 38;VEV_4000;XIRECS;1218.0;1
679600;Mark 55;Mark 14;VELVETFRUIT_EXTRACT;XIRECS;5227.0;6
680600;Mark 14;Mark 38;VEV_4000;XIRECS;1212.0;3
680800;Mark 14;Mark 38;HYDROGEL_PACK;XIRECS;9994.0;2
681500;Mark 38;Mark 14;HYDROGEL_PACK;XIRECS;10005.0;5
682600;Mark 14;Mark 38;VEV_4000;XIRECS;1214.0;1
684000;Mark 01;Mark 22;VEV_5400;XIRECS;11.0;5
684000;Mark 01;Mark 22;VEV_5500;XIRECS;4.0;5
684000;Mark 01;Mark 22;VEV_6000;XIRECS;0.0;5
684000;Mark 01;Mark 22;VEV_6500;XIRECS;0.0;5
684500;Mark 14;Mark 38;HYDROGEL_PACK;XIRECS;9989.0;2
685200;Mark 55;Mark 01;VELVETFRUIT_EXTRACT;XIRECS;5231.0;6
688400;Mark 55;Mark 14;VELVETFRUIT_EXTRACT;XIRECS;5236.0;6
688600;Mark 55;Mark 14;VELVETFRUIT_EXTRACT;XIRECS;5237.0;5
688900;Mark 14;Mark 38;VEV_4000;XIRECS;1226.0;2
690500;Mark 38;Mark 14;HYDROGEL_PACK;XIRECS;10013.0;5
693000;Mark 14;Mark 55;VELVETFRUIT_EXTRACT;XIRECS;5230.0;8
693600;Mark 67;Mark 22;VELVETFRUIT_EXTRACT;XIRECS;5235.0;5
694600;Mark 14;Mark 55;VELVETFRUIT_EXTRACT;XIRECS;5237.0;3
694900;Mark 14;Mark 38;HYDROGEL_PACK;XIRECS;10011.0;3
695200;Mark 14;Mark 38;HYDROGEL_PACK;XIRECS;10010.0;6
695900;Mark 38;Mark 14;HYDROGEL_PACK;XIRECS;10034.0;6
696000;Mark 14;Mark 38;VEV_4000;XIRECS;1227.0;3
698300;Mark 38;Mark 14;HYDROGEL_PACK;XIRECS;10048.0;5
699100;Mark 14;Mark 38;HYDROGEL_PACK;XIRECS;10035.0;5
700400;Mark 38;Mark 14;HYDROGEL_PACK;XIRECS;10052.0;5
701200;Mark 38;Mark 14;HYDROGEL_PACK;XIRECS;10052.0;5
701200;Mark 01;Mark 22;VEV_5400;XIRECS;13.0;2
701200;Mark 01;Mark 22;VEV_5500;XIRECS;5.0;2
701200;Mark 01;Mark 22;VEV_6000;XIRECS;0.0;2
701200;Mark 01;Mark 22;VEV_6500;XIRECS;0.0;2
701500;Mark 38;Mark 14;HYDROGEL_PACK;XIRECS;10054.0;3
702500;Mark 55;Mark 01;VELVETFRUIT_EXTRACT;XIRECS;5248.0;4
702700;Mark 55;Mark 14;VELVETFRUIT_EXTRACT;XIRECS;5249.0;8
703000;Mark 14;Mark 38;HYDROGEL_PACK;XIRECS;10027.0;3
703100;Mark 67;Mark 22;VELVETFRUIT_EXTRACT;XIRECS;5249.0;7
703200;Mark 01;Mark 22;VEV_5400;XIRECS;14.0;5
703200;Mark 01;Mark 22;VEV_5500;XIRECS;6.0;5
703200;Mark 01;Mark 22;VEV_6000;XIRECS;0.0;5
703200;Mark 01;Mark 22;VEV_6500;XIRECS;0.0;5
704700;Mark 55;Mark 01;VELVETFRUIT_EXTRACT;XIRECS;5257.0;8
707100;Mark 38;Mark 14;HYDROGEL_PACK;XIRECS;10056.0;3
710500;Mark 14;Mark 22;VEV_5300;XIRECS;49.0;5
710500;Mark 01;Mark 22;VEV_5400;XIRECS;15.0;5
710500;Mark 01;Mark 22;VEV_5500;XIRECS;6.0;5
710500;Mark 01;Mark 22;VEV_6000;XIRECS;0.0;5
710500;Mark 01;Mark 22;VEV_6500;XIRECS;0.0;5
713400;Mark 67;Mark 49;VELVETFRUIT_EXTRACT;XIRECS;5269.0;13
713900;Mark 55;Mark 14;VELVETFRUIT_EXTRACT;XIRECS;5275.0;6
715000;Mark 01;Mark 22;VEV_5400;XIRECS;18.0;5
715000;Mark 01;Mark 22;VEV_5500;XIRECS;7.0;5
715000;Mark 01;Mark 22;VEV_6000;XIRECS;0.0;5
715000;Mark 01;Mark 22;VEV_6500;XIRECS;0.0;5
716000;Mark 14;Mark 55;VELVETFRUIT_EXTRACT;XIRECS;5270.0;7
716700;Mark 38;Mark 14;HYDROGEL_PACK;XIRECS;10059.0;3
719600;Mark 14;Mark 38;VEV_4000;XIRECS;1254.0;2
720500;Mark 14;Mark 55;VELVETFRUIT_EXTRACT;XIRECS;5264.0;6
720500;Mark 14;Mark 22;VEV_5300;XIRECS;53.0;2
720500;Mark 01;Mark 22;VEV_5400;XIRECS;17.0;2
720500;Mark 01;Mark 22;VEV_5500;XIRECS;7.0;2
720500;Mark 01;Mark 22;VEV_6000;XIRECS;0.0;2
720500;Mark 01;Mark 22;VEV_6500;XIRECS;0.0;2
721200;Mark 14;Mark 55;VELVETFRUIT_EXTRACT;XIRECS;5263.0;4
721900;Mark 14;Mark 38;VEV_4000;XIRECS;1253.0;3
722300;Mark 55;Mark 14;VELVETFRUIT_EXTRACT;XIRECS;5265.0;6
724400;Mark 14;Mark 38;HYDROGEL_PACK;XIRECS;10065.0;5
725000;Mark 01;Mark 22;VEV_5300;XIRECS;53.0;4
725000;Mark 01;Mark 22;VEV_5400;XIRECS;17.0;4
725000;Mark 01;Mark 22;VEV_5500;XIRECS;7.0;4
725000;Mark 01;Mark 22;VEV_6000;XIRECS;0.0;4
725000;Mark 01;Mark 22;VEV_6500;XIRECS;0.0;4
725400;Mark 55;Mark 01;VELVETFRUIT_EXTRACT;XIRECS;5267.0;5
725800;Mark 14;Mark 38;HYDROGEL_PACK;XIRECS;10068.0;6
725800;Mark 55;Mark 14;VELVETFRUIT_EXTRACT;XIRECS;5265.0;8
726600;Mark 55;Mark 14;VELVETFRUIT_EXTRACT;XIRECS;5264.0;7
726700;Mark 38;Mark 14;HYDROGEL_PACK;XIRECS;10075.0;3
727900;Mark 38;Mark 14;HYDROGEL_PACK;XIRECS;10075.0;4
728300;Mark 55;Mark 14;VELVETFRUIT_EXTRACT;XIRECS;5261.0;5
729700;Mark 38;Mark 14;HYDROGEL_PACK;XIRECS;10072.0;3
730800;Mark 14;Mark 38;HYDROGEL_PACK;XIRECS;10057.0;6
731000;Mark 38;Mark 14;HYDROGEL_PACK;XIRECS;10074.0;4
731200;Mark 55;Mark 01;VELVETFRUIT_EXTRACT;XIRECS;5276.0;4
732700;Mark 14;Mark 38;HYDROGEL_PACK;XIRECS;10035.0;2
735100;Mark 14;Mark 22;VEV_5400;XIRECS;21.0;4
735100;Mark 01;Mark 22;VEV_5500;XIRECS;9.0;4
735100;Mark 01;Mark 22;VEV_6000;XIRECS;0.0;4
735100;Mark 01;Mark 22;VEV_6500;XIRECS;0.0;4
738100;Mark 38;Mark 14;VEV_4000;XIRECS;1282.0;2
741200;Mark 38;Mark 14;HYDROGEL_PACK;XIRECS;10052.0;2
741600;Mark 14;Mark 55;VELVETFRUIT_EXTRACT;XIRECS;5263.0;5
741900;Mark 01;Mark 22;VEV_5400;XIRECS;17.0;4
741900;Mark 01;Mark 22;VEV_5500;XIRECS;7.0;4
741900;Mark 01;Mark 22;VEV_6000;XIRECS;0.0;4
741900;Mark 01;Mark 22;VEV_6500;XIRECS;0.0;4
742700;Mark 38;Mark 14;HYDROGEL_PACK;XIRECS;10052.0;2
743600;Mark 14;Mark 38;VEV_4000;XIRECS;1259.0;3
743800;Mark 38;Mark 14;VEV_4000;XIRECS;1279.0;3
745000;Mark 14;Mark 38;HYDROGEL_PACK;XIRECS;10036.0;6
746300;Mark 14;Mark 22;VEV_5400;XIRECS;20.0;4
746300;Mark 01;Mark 22;VEV_5500;XIRECS;8.0;4
746300;Mark 01;Mark 22;VEV_6000;XIRECS;0.0;4
746300;Mark 01;Mark 22;VEV_6500;XIRECS;0.0;4
747400;Mark 14;Mark 38;VEV_4000;XIRECS;1264.0;3
747700;Mark 14;Mark 38;VEV_4000;XIRECS;1261.0;3
749700;Mark 55;Mark 01;VELVETFRUIT_EXTRACT;XIRECS;5277.0;5
749800;Mark 14;Mark 38;HYDROGEL_PACK;XIRECS;10044.0;2
750500;Mark 55;Mark 01;VELVETFRUIT_EXTRACT;XIRECS;5273.0;7
752500;Mark 55;Mark 14;VELVETFRUIT_EXTRACT;XIRECS;5272.0;3
753400;Mark 14;Mark 38;VEV_4000;XIRECS;1253.0;3
754200;Mark 01;Mark 22;VEV_5400;XIRECS;16.0;3
754200;Mark 01;Mark 22;VEV_5500;XIRECS;6.0;3
754200;Mark 01;Mark 22;VEV_6000;XIRECS;0.0;3
754200;Mark 01;Mark 22;VEV_6500;XIRECS;0.0;3
755800;Mark 14;Mark 55;VELVETFRUIT_EXTRACT;XIRECS;5260.0;4
756300;Mark 38;Mark 14;VEV_4000;XIRECS;1276.0;2
756600;Mark 14;Mark 38;HYDROGEL_PACK;XIRECS;10062.0;6
759100;Mark 38;Mark 14;HYDROGEL_PACK;XIRECS;10073.0;5
760000;Mark 01;Mark 22;VEV_5400;XIRECS;19.0;2
760000;Mark 01;Mark 22;VEV_5500;XIRECS;8.0;2
760000;Mark 01;Mark 22;VEV_6000;XIRECS;0.0;2
760000;Mark 01;Mark 22;VEV_6500;XIRECS;0.0;2
760200;Mark 55;Mark 01;VELVETFRUIT_EXTRACT;XIRECS;5277.0;5
760900;Mark 38;Mark 14;HYDROGEL_PACK;XIRECS;10055.0;2
762400;Mark 01;Mark 55;VELVETFRUIT_EXTRACT;XIRECS;5268.0;3
762700;Mark 14;Mark 38;VEV_4000;XIRECS;1261.0;2
764300;Mark 14;Mark 38;VEV_4000;XIRECS;1258.0;2
765100;Mark 14;Mark 55;VELVETFRUIT_EXTRACT;XIRECS;5265.0;4
765800;Mark 14;Mark 38;HYDROGEL_PACK;XIRECS;10048.0;3
767100;Mark 38;Mark 14;HYDROGEL_PACK;XIRECS;10063.0;4
767200;Mark 55;Mark 14;VELVETFRUIT_EXTRACT;XIRECS;5276.0;3
768100;Mark 14;Mark 38;HYDROGEL_PACK;XIRECS;10056.0;4
768200;Mark 14;Mark 38;HYDROGEL_PACK;XIRECS;10056.0;3
768700;Mark 14;Mark 55;VELVETFRUIT_EXTRACT;XIRECS;5270.0;5
768800;Mark 38;Mark 14;HYDROGEL_PACK;XIRECS;10071.0;5
771700;Mark 55;Mark 14;VELVETFRUIT_EXTRACT;XIRECS;5264.0;7
772000;Mark 38;Mark 14;HYDROGEL_PACK;XIRECS;10082.0;6
772000;Mark 38;Mark 14;VEV_4000;XIRECS;1273.0;3
772500;Mark 01;Mark 55;VELVETFRUIT_EXTRACT;XIRECS;5260.0;7
772600;Mark 55;Mark 14;VELVETFRUIT_EXTRACT;XIRECS;5265.0;8
775000;Mark 55;Mark 01;VELVETFRUIT_EXTRACT;XIRECS;5266.0;4
775100;Mark 14;Mark 38;HYDROGEL_PACK;XIRECS;10056.0;5
775300;Mark 14;Mark 38;VEV_4000;XIRECS;1250.0;1
777000;Mark 55;Mark 01;VELVETFRUIT_EXTRACT;XIRECS;5270.0;6
782100;Mark 38;Mark 14;HYDROGEL_PACK;XIRECS;10078.0;6
782500;Mark 38;Mark 14;HYDROGEL_PACK;XIRECS;10072.0;6
782700;Mark 38;Mark 14;HYDROGEL_PACK;XIRECS;10075.0;6
783300;Mark 14;Mark 38;VEV_4000;XIRECS;1249.0;3
784400;Mark 38;Mark 14;HYDROGEL_PACK;XIRECS;10072.0;6
785200;Mark 14;Mark 38;HYDROGEL_PACK;XIRECS;10056.0;3
785800;Mark 14;Mark 38;HYDROGEL_PACK;XIRECS;10056.0;3
785800;Mark 01;Mark 22;VEV_5400;XIRECS;15.0;3
785800;Mark 01;Mark 22;VEV_5500;XIRECS;6.0;3
785800;Mark 01;Mark 22;VEV_6000;XIRECS;0.0;3
785800;Mark 01;Mark 22;VEV_6500;XIRECS;0.0;3
786700;Mark 14;Mark 38;HYDROGEL_PACK;XIRECS;10054.0;4
786900;Mark 14;Mark 38;VEV_4000;XIRECS;1250.0;1
787700;Mark 55;Mark 01;VELVETFRUIT_EXTRACT;XIRECS;5260.0;6
787800;Mark 55;Mark 14;VELVETFRUIT_EXTRACT;XIRECS;5261.0;4
789200;Mark 14;Mark 38;VEV_4000;XIRECS;1250.0;3
790700;Mark 38;Mark 14;HYDROGEL_PACK;XIRECS;10063.0;2
792200;Mark 38;Mark 14;HYDROGEL_PACK;XIRECS;10052.0;4
792200;Mark 22;Mark 55;VELVETFRUIT_EXTRACT;XIRECS;5259.0;6
794800;Mark 55;Mark 01;VELVETFRUIT_EXTRACT;XIRECS;5258.0;8
794900;Mark 14;Mark 55;VELVETFRUIT_EXTRACT;XIRECS;5251.0;6
796600;Mark 14;Mark 55;VELVETFRUIT_EXTRACT;XIRECS;5251.0;8
797600;Mark 14;Mark 38;HYDROGEL_PACK;XIRECS;10024.0;4
798100;Mark 01;Mark 22;VEV_5400;XIRECS;15.0;4
798100;Mark 01;Mark 22;VEV_5500;XIRECS;6.0;4
798100;Mark 01;Mark 22;VEV_6000;XIRECS;0.0;4
798100;Mark 01;Mark 22;VEV_6500;XIRECS;0.0;4
799500;Mark 38;Mark 14;HYDROGEL_PACK;XIRECS;10029.0;3
799900;Mark 14;Mark 55;VELVETFRUIT_EXTRACT;XIRECS;5249.0;8
800100;Mark 14;Mark 38;HYDROGEL_PACK;XIRECS;10012.0;5
800400;Mark 01;Mark 22;VEV_5300;XIRECS;45.0;3
800400;Mark 01;Mark 22;VEV_5500;XIRECS;5.0;3
800400;Mark 01;Mark 22;VEV_6000;XIRECS;0.0;3
800400;Mark 01;Mark 22;VEV_6500;XIRECS;0.0;3
800600;Mark 38;Mark 14;HYDROGEL_PACK;XIRECS;10024.0;5
801000;Mark 38;Mark 14;VEV_4000;XIRECS;1259.0;2
801800;Mark 01;Mark 22;VEV_5400;XIRECS;13.0;2
801800;Mark 01;Mark 22;VEV_5500;XIRECS;5.0;2
801800;Mark 01;Mark 22;VEV_6000;XIRECS;0.0;2
801800;Mark 01;Mark 22;VEV_6500;XIRECS;0.0;2
802800;Mark 55;Mark 14;VELVETFRUIT_EXTRACT;XIRECS;5243.0;3
803000;Mark 38;Mark 14;HYDROGEL_PACK;XIRECS;10019.0;2
803400;Mark 67;Mark 22;VELVETFRUIT_EXTRACT;XIRECS;5240.0;5
804900;Mark 14;Mark 38;VEV_4000;XIRECS;1230.0;1
805300;Mark 14;Mark 38;HYDROGEL_PACK;XIRECS;9998.0;4
807400;Mark 55;Mark 01;VELVETFRUIT_EXTRACT;XIRECS;5253.0;4
807800;Mark 01;Mark 22;VEV_5300;XIRECS;45.0;3
807800;Mark 01;Mark 22;VEV_5400;XIRECS;13.0;3
807800;Mark 01;Mark 22;VEV_5500;XIRECS;5.0;3
807800;Mark 01;Mark 22;VEV_6000;XIRECS;0.0;3
807800;Mark 01;Mark 22;VEV_6500;XIRECS;0.0;3
809700;Mark 38;Mark 14;HYDROGEL_PACK;XIRECS;10018.0;2
810100;Mark 55;Mark 14;VELVETFRUIT_EXTRACT;XIRECS;5245.0;4
810600;Mark 38;Mark 14;HYDROGEL_PACK;XIRECS;10015.0;2
812400;Mark 14;Mark 55;VELVETFRUIT_EXTRACT;XIRECS;5233.0;8
812600;Mark 01;Mark 22;VEV_5300;XIRECS;40.0;4
812600;Mark 01;Mark 22;VEV_5400;XIRECS;11.0;4
812600;Mark 01;Mark 22;VEV_5500;XIRECS;4.0;4
812600;Mark 01;Mark 22;VEV_6000;XIRECS;0.0;4
812600;Mark 01;Mark 22;VEV_6500;XIRECS;0.0;4
812900;Mark 67;Mark 22;VELVETFRUIT_EXTRACT;XIRECS;5233.0;7
813000;Mark 01;Mark 22;VEV_5500;XIRECS;4.0;3
813000;Mark 01;Mark 22;VEV_6000;XIRECS;0.0;3
813000;Mark 01;Mark 22;VEV_6500;XIRECS;0.0;3
814500;Mark 14;Mark 38;HYDROGEL_PACK;XIRECS;9989.0;3
815000;Mark 38;Mark 14;HYDROGEL_PACK;XIRECS;10004.0;3
815000;Mark 55;Mark 14;VELVETFRUIT_EXTRACT;XIRECS;5230.0;5
816800;Mark 14;Mark 38;HYDROGEL_PACK;XIRECS;9999.0;4
817900;Mark 01;Mark 55;VELVETFRUIT_EXTRACT;XIRECS;5228.0;5
818100;Mark 55;Mark 14;VELVETFRUIT_EXTRACT;XIRECS;5234.0;7
818500;Mark 14;Mark 55;VELVETFRUIT_EXTRACT;XIRECS;5231.0;7
820600;Mark 38;Mark 14;HYDROGEL_PACK;XIRECS;10011.0;2
821100;Mark 14;Mark 38;HYDROGEL_PACK;XIRECS;9993.0;4
821300;Mark 14;Mark 38;VEV_4000;XIRECS;1233.0;2
822000;Mark 55;Mark 14;VELVETFRUIT_EXTRACT;XIRECS;5245.0;8
822200;Mark 14;Mark 55;VELVETFRUIT_EXTRACT;XIRECS;5241.0;7
824200;Mark 55;Mark 14;VELVETFRUIT_EXTRACT;XIRECS;5251.0;4
824800;Mark 01;Mark 22;VEV_5500;XIRECS;5.0;5
824800;Mark 01;Mark 22;VEV_6000;XIRECS;0.0;5
824800;Mark 01;Mark 22;VEV_6500;XIRECS;0.0;5
827000;Mark 55;Mark 14;VELVETFRUIT_EXTRACT;XIRECS;5247.0;7
827500;Mark 55;Mark 01;VELVETFRUIT_EXTRACT;XIRECS;5247.0;8
832000;Mark 55;Mark 14;VELVETFRUIT_EXTRACT;XIRECS;5244.0;6
832100;Mark 14;Mark 55;VELVETFRUIT_EXTRACT;XIRECS;5239.0;8
832700;Mark 55;Mark 22;VELVETFRUIT_EXTRACT;XIRECS;5242.0;3
833600;Mark 14;Mark 38;HYDROGEL_PACK;XIRECS;10025.0;2
834900;Mark 14;Mark 55;VELVETFRUIT_EXTRACT;XIRECS;5243.0;7
836000;Mark 01;Mark 55;VELVETFRUIT_EXTRACT;XIRECS;5244.0;6
837000;Mark 38;Mark 14;HYDROGEL_PACK;XIRECS;10047.0;6
838700;Mark 67;Mark 49;VELVETFRUIT_EXTRACT;XIRECS;5252.0;11
839600;Mark 67;Mark 49;VELVETFRUIT_EXTRACT;XIRECS;5253.0;8
840400;Mark 14;Mark 55;VELVETFRUIT_EXTRACT;XIRECS;5253.0;3
843100;Mark 14;Mark 55;VELVETFRUIT_EXTRACT;XIRECS;5255.0;4
844200;Mark 38;Mark 14;HYDROGEL_PACK;XIRECS;10033.0;6
844800;Mark 38;Mark 14;HYDROGEL_PACK;XIRECS;10034.0;3
845400;Mark 67;Mark 49;VELVETFRUIT_EXTRACT;XIRECS;5256.0;8
845500;Mark 14;Mark 38;HYDROGEL_PACK;XIRECS;10013.0;6
847200;Mark 14;Mark 38;HYDROGEL_PACK;XIRECS;10022.0;5
848200;Mark 38;Mark 14;VEV_4000;XIRECS;1272.0;2
848400;Mark 38;Mark 14;HYDROGEL_PACK;XIRECS;10040.0;3
848900;Mark 14;Mark 22;VEV_5300;XIRECS;51.0;5
848900;Mark 14;Mark 22;VEV_5500;XIRECS;7.0;5
848900;Mark 01;Mark 22;VEV_6000;XIRECS;0.0;5
848900;Mark 01;Mark 22;VEV_6500;XIRECS;0.0;5
849200;Mark 14;Mark 38;VEV_4000;XIRECS;1256.0;2
849300;Mark 55;Mark 01;VELVETFRUIT_EXTRACT;XIRECS;5270.0;8
850300;Mark 14;Mark 55;VELVETFRUIT_EXTRACT;XIRECS;5260.0;7
850600;Mark 67;Mark 22;VELVETFRUIT_EXTRACT;XIRECS;5261.0;5
851200;Mark 01;Mark 22;VEV_5400;XIRECS;16.0;3
851200;Mark 01;Mark 22;VEV_5500;XIRECS;6.0;3
851200;Mark 01;Mark 22;VEV_6000;XIRECS;0.0;3
851200;Mark 01;Mark 22;VEV_6500;XIRECS;0.0;3
851700;Mark 14;Mark 55;VELVETFRUIT_EXTRACT;XIRECS;5260.0;6
852200;Mark 55;Mark 01;VELVETFRUIT_EXTRACT;XIRECS;5270.0;4
852900;Mark 01;Mark 55;VELVETFRUIT_EXTRACT;XIRECS;5265.0;7
853500;Mark 14;Mark 38;HYDROGEL_PACK;XIRECS;10032.0;4
853900;Mark 38;Mark 14;HYDROGEL_PACK;XIRECS;10047.0;6
854900;Mark 38;Mark 14;HYDROGEL_PACK;XIRECS;10052.0;2
855500;Mark 14;Mark 38;VEV_4000;XIRECS;1264.0;3
856600;Mark 14;Mark 55;VELVETFRUIT_EXTRACT;XIRECS;5269.0;3
860100;Mark 38;Mark 14;HYDROGEL_PACK;XIRECS;10086.0;2
862900;Mark 14;Mark 38;HYDROGEL_PACK;XIRECS;10038.0;6
863300;Mark 67;Mark 49;VELVETFRUIT_EXTRACT;XIRECS;5254.0;12
865400;Mark 01;Mark 22;VEV_5400;XIRECS;14.0;5
865400;Mark 01;Mark 22;VEV_5500;XIRECS;6.0;5
865400;Mark 01;Mark 22;VEV_6000;XIRECS;0.0;5
865400;Mark 01;Mark 22;VEV_6500;XIRECS;0.0;5
866300;Mark 38;Mark 14;HYDROGEL_PACK;XIRECS;10060.0;6
867100;Mark 14;Mark 38;HYDROGEL_PACK;XIRECS;10039.0;5
867800;Mark 38;Mark 14;VEV_4000;XIRECS;1261.0;2
868700;Mark 01;Mark 55;VELVETFRUIT_EXTRACT;XIRECS;5246.0;4
868800;Mark 01;Mark 22;VEV_5500;XIRECS;5.0;2
868800;Mark 01;Mark 22;VEV_6000;XIRECS;0.0;2
868800;Mark 01;Mark 22;VEV_6500;XIRECS;0.0;2
869600;Mark 14;Mark 55;VELVETFRUIT_EXTRACT;XIRECS;5241.0;5
870000;Mark 38;Mark 14;HYDROGEL_PACK;XIRECS;10058.0;3
870100;Mark 14;Mark 38;VEV_4000;XIRECS;1236.0;3
870200;Mark 38;Mark 14;VEV_4000;XIRECS;1257.0;3
871500;Mark 01;Mark 55;VELVETFRUIT_EXTRACT;XIRECS;5241.0;8
871700;Mark 14;Mark 38;HYDROGEL_PACK;XIRECS;10027.0;5
873600;Mark 14;Mark 55;VELVETFRUIT_EXTRACT;XIRECS;5238.0;7
874400;Mark 55;Mark 01;VELVETFRUIT_EXTRACT;XIRECS;5246.0;3
876000;Mark 38;Mark 14;HYDROGEL_PACK;XIRECS;10025.0;4
876400;Mark 38;Mark 14;HYDROGEL_PACK;XIRECS;10020.0;3
876500;Mark 55;Mark 01;VELVETFRUIT_EXTRACT;XIRECS;5242.0;6
876800;Mark 55;Mark 01;VELVETFRUIT_EXTRACT;XIRECS;5240.0;8
877600;Mark 55;Mark 14;VELVETFRUIT_EXTRACT;XIRECS;5239.0;5
878500;Mark 55;Mark 14;VELVETFRUIT_EXTRACT;XIRECS;5239.0;4
879700;Mark 67;Mark 49;VELVETFRUIT_EXTRACT;XIRECS;5238.0;11
881400;Mark 14;Mark 38;VEV_4000;XIRECS;1229.0;1
881800;Mark 14;Mark 55;VELVETFRUIT_EXTRACT;XIRECS;5244.0;4
882600;Mark 67;Mark 22;VELVETFRUIT_EXTRACT;XIRECS;5248.0;10
883800;Mark 14;Mark 55;VELVETFRUIT_EXTRACT;XIRECS;5251.0;8
883900;Mark 14;Mark 55;VELVETFRUIT_EXTRACT;XIRECS;5251.0;3
884200;Mark 14;Mark 55;VELVETFRUIT_EXTRACT;XIRECS;5253.0;4
884600;Mark 01;Mark 55;VELVETFRUIT_EXTRACT;XIRECS;5254.0;7
886300;Mark 14;Mark 38;VEV_4000;XIRECS;1246.0;3
886600;Mark 55;Mark 01;VELVETFRUIT_EXTRACT;XIRECS;5259.0;5
887200;Mark 38;Mark 14;HYDROGEL_PACK;XIRECS;10007.0;2
887800;Mark 49;Mark 22;VELVETFRUIT_EXTRACT;XIRECS;5252.0;8
888300;Mark 38;Mark 14;VEV_4000;XIRECS;1261.0;2
890200;Mark 01;Mark 55;VELVETFRUIT_EXTRACT;XIRECS;5240.0;4
891000;Mark 14;Mark 55;VELVETFRUIT_EXTRACT;XIRECS;5245.0;3
892000;Mark 38;Mark 14;HYDROGEL_PACK;XIRECS;10000.0;6
894300;Mark 14;Mark 38;HYDROGEL_PACK;XIRECS;9981.0;6
896900;Mark 67;Mark 49;VELVETFRUIT_EXTRACT;XIRECS;5247.0;11
898200;Mark 22;Mark 38;HYDROGEL_PACK;XIRECS;9995.0;4
899200;Mark 38;Mark 14;HYDROGEL_PACK;XIRECS;10003.0;4
899700;Mark 01;Mark 55;VELVETFRUIT_EXTRACT;XIRECS;5247.0;5
900800;Mark 38;Mark 14;VEV_4000;XIRECS;1261.0;3
901000;Mark 55;Mark 01;VELVETFRUIT_EXTRACT;XIRECS;5255.0;7
901100;Mark 01;Mark 22;VEV_5400;XIRECS;14.0;4
901100;Mark 01;Mark 22;VEV_5500;XIRECS;5.0;4
901100;Mark 01;Mark 22;VEV_6000;XIRECS;0.0;4
901100;Mark 01;Mark 22;VEV_6500;XIRECS;0.0;4
901400;Mark 14;Mark 38;HYDROGEL_PACK;XIRECS;9989.0;4
901600;Mark 38;Mark 14;VEV_4000;XIRECS;1264.0;1
901800;Mark 38;Mark 14;HYDROGEL_PACK;XIRECS;10011.0;2
901900;Mark 14;Mark 55;VELVETFRUIT_EXTRACT;XIRECS;5253.0;3
903400;Mark 38;Mark 14;VEV_4000;XIRECS;1271.0;1
904000;Mark 55;Mark 14;VELVETFRUIT_EXTRACT;XIRECS;5261.0;6
905200;Mark 14;Mark 55;VELVETFRUIT_EXTRACT;XIRECS;5257.0;6
907000;Mark 55;Mark 14;VELVETFRUIT_EXTRACT;XIRECS;5255.0;4
907300;Mark 14;Mark 55;VELVETFRUIT_EXTRACT;XIRECS;5252.0;4
908700;Mark 38;Mark 14;HYDROGEL_PACK;XIRECS;10022.0;4
909300;Mark 38;Mark 14;HYDROGEL_PACK;XIRECS;10024.0;5
911600;Mark 55;Mark 01;VELVETFRUIT_EXTRACT;XIRECS;5264.0;5
912000;Mark 14;Mark 38;HYDROGEL_PACK;XIRECS;10030.0;6
912600;Mark 14;Mark 38;HYDROGEL_PACK;XIRECS;10027.0;2
913100;Mark 14;Mark 55;VELVETFRUIT_EXTRACT;XIRECS;5260.0;7
914400;Mark 38;Mark 14;HYDROGEL_PACK;XIRECS;10039.0;4
914700;Mark 67;Mark 49;VELVETFRUIT_EXTRACT;XIRECS;5263.0;8
914800;Mark 38;Mark 14;HYDROGEL_PACK;XIRECS;10039.0;4
915200;Mark 14;Mark 38;VEV_4000;XIRECS;1253.0;2
917300;Mark 55;Mark 01;VELVETFRUIT_EXTRACT;XIRECS;5266.0;6
917900;Mark 38;Mark 14;HYDROGEL_PACK;XIRECS;10034.0;3
918500;Mark 14;Mark 38;HYDROGEL_PACK;XIRECS;10009.0;6
921000;Mark 01;Mark 22;VEV_5400;XIRECS;17.0;4
921000;Mark 01;Mark 22;VEV_5500;XIRECS;7.0;4
921000;Mark 01;Mark 22;VEV_6000;XIRECS;0.0;4
921000;Mark 01;Mark 22;VEV_6500;XIRECS;0.0;4
923000;Mark 14;Mark 55;VELVETFRUIT_EXTRACT;XIRECS;5270.0;6
924500;Mark 14;Mark 38;HYDROGEL_PACK;XIRECS;10004.0;5
925400;Mark 14;Mark 38;VEV_4000;XIRECS;1264.0;3
925900;Mark 38;Mark 14;HYDROGEL_PACK;XIRECS;10014.0;6
928000;Mark 14;Mark 38;HYDROGEL_PACK;XIRECS;9992.0;2
928400;Mark 01;Mark 22;VEV_5500;XIRECS;8.0;3
928400;Mark 01;Mark 22;VEV_6000;XIRECS;0.0;3
928400;Mark 01;Mark 22;VEV_6500;XIRECS;0.0;3
928500;Mark 38;Mark 14;HYDROGEL_PACK;XIRECS;10005.0;6
929100;Mark 38;Mark 14;VEV_4000;XIRECS;1289.0;2
929300;Mark 38;Mark 14;HYDROGEL_PACK;XIRECS;10004.0;3
929500;Mark 38;Mark 14;HYDROGEL_PACK;XIRECS;10006.0;6
929800;Mark 14;Mark 38;HYDROGEL_PACK;XIRECS;9993.0;3
930800;Mark 38;Mark 14;HYDROGEL_PACK;XIRECS;10016.0;6
931200;Mark 01;Mark 55;VELVETFRUIT_EXTRACT;XIRECS;5271.0;6
932100;Mark 14;Mark 38;HYDROGEL_PACK;XIRECS;9991.0;3
934300;Mark 14;Mark 38;HYDROGEL_PACK;XIRECS;9997.0;3
936400;Mark 38;Mark 22;HYDROGEL_PACK;XIRECS;10006.0;3
936500;Mark 14;Mark 38;HYDROGEL_PACK;XIRECS;9997.0;6
936600;Mark 14;Mark 55;VELVETFRUIT_EXTRACT;XIRECS;5262.0;7
936700;Mark 14;Mark 38;HYDROGEL_PACK;XIRECS;9998.0;3
937300;Mark 01;Mark 22;VEV_5400;XIRECS;15.0;4
937300;Mark 01;Mark 22;VEV_5500;XIRECS;6.0;4
937300;Mark 01;Mark 22;VEV_6000;XIRECS;0.0;4
937300;Mark 01;Mark 22;VEV_6500;XIRECS;0.0;4
937700;Mark 14;Mark 38;VEV_4000;XIRECS;1249.0;3
937800;Mark 01;Mark 55;VELVETFRUIT_EXTRACT;XIRECS;5259.0;6
938200;Mark 55;Mark 14;VELVETFRUIT_EXTRACT;XIRECS;5266.0;3
938900;Mark 38;Mark 14;HYDROGEL_PACK;XIRECS;10006.0;6
943100;Mark 01;Mark 22;VEV_5400;XIRECS;13.0;4
943100;Mark 01;Mark 22;VEV_5500;XIRECS;5.0;4
943100;Mark 01;Mark 22;VEV_6000;XIRECS;0.0;4
943100;Mark 01;Mark 22;VEV_6500;XIRECS;0.0;4
944800;Mark 55;Mark 01;VELVETFRUIT_EXTRACT;XIRECS;5245.0;8
946400;Mark 38;Mark 14;HYDROGEL_PACK;XIRECS;10022.0;3
946800;Mark 55;Mark 14;VELVETFRUIT_EXTRACT;XIRECS;5248.0;8
948500;Mark 01;Mark 22;VEV_5300;XIRECS;45.0;4
948500;Mark 01;Mark 22;VEV_5400;XIRECS;13.0;4
948500;Mark 01;Mark 22;VEV_5500;XIRECS;5.0;4
948500;Mark 01;Mark 22;VEV_6000;XIRECS;0.0;4
948500;Mark 01;Mark 22;VEV_6500;XIRECS;0.0;4
948700;Mark 67;Mark 22;VELVETFRUIT_EXTRACT;XIRECS;5247.0;6
949400;Mark 67;Mark 22;VELVETFRUIT_EXTRACT;XIRECS;5248.0;9
950000;Mark 38;Mark 14;HYDROGEL_PACK;XIRECS;10041.0;2
950300;Mark 14;Mark 38;HYDROGEL_PACK;XIRECS;10021.0;5
950300;Mark 01;Mark 22;VEV_5400;XIRECS;14.0;5
950300;Mark 01;Mark 22;VEV_5500;XIRECS;5.0;5
950300;Mark 01;Mark 22;VEV_6000;XIRECS;0.0;5
950300;Mark 01;Mark 22;VEV_6500;XIRECS;0.0;5
950700;Mark 38;Mark 14;HYDROGEL_PACK;XIRECS;10036.0;5
951500;Mark 55;Mark 01;VELVETFRUIT_EXTRACT;XIRECS;5262.0;6
953400;Mark 38;Mark 14;VEV_4000;XIRECS;1270.0;2
953700;Mark 38;Mark 14;HYDROGEL_PACK;XIRECS;10035.0;5
953800;Mark 38;Mark 14;HYDROGEL_PACK;XIRECS;10033.0;6
957800;Mark 14;Mark 38;HYDROGEL_PACK;XIRECS;9997.0;6
960700;Mark 55;Mark 01;VELVETFRUIT_EXTRACT;XIRECS;5263.0;4
960800;Mark 38;Mark 14;HYDROGEL_PACK;XIRECS;10041.0;2
962900;Mark 38;Mark 14;VEV_4000;XIRECS;1279.0;1
963300;Mark 14;Mark 55;VELVETFRUIT_EXTRACT;XIRECS;5267.0;5
963500;Mark 14;Mark 55;VELVETFRUIT_EXTRACT;XIRECS;5267.0;5
963900;Mark 38;Mark 14;HYDROGEL_PACK;XIRECS;10040.0;6
964000;Mark 14;Mark 38;HYDROGEL_PACK;XIRECS;10020.0;3
964700;Mark 14;Mark 38;HYDROGEL_PACK;XIRECS;10008.0;4
965000;Mark 01;Mark 55;VELVETFRUIT_EXTRACT;XIRECS;5272.0;4
966200;Mark 01;Mark 55;VELVETFRUIT_EXTRACT;XIRECS;5268.0;7
966900;Mark 38;Mark 14;HYDROGEL_PACK;XIRECS;10019.0;2
968200;Mark 14;Mark 38;VEV_4000;XIRECS;1261.0;1
970500;Mark 14;Mark 38;HYDROGEL_PACK;XIRECS;9981.0;3
971900;Mark 38;Mark 14;HYDROGEL_PACK;XIRECS;9998.0;3
972800;Mark 01;Mark 55;VELVETFRUIT_EXTRACT;XIRECS;5256.0;3
973300;Mark 55;Mark 01;VELVETFRUIT_EXTRACT;XIRECS;5261.0;8
975400;Mark 01;Mark 55;VELVETFRUIT_EXTRACT;XIRECS;5255.0;3
977200;Mark 38;Mark 14;VEV_4000;XIRECS;1267.0;1
977600;Mark 14;Mark 38;HYDROGEL_PACK;XIRECS;9986.0;2
979200;Mark 14;Mark 38;HYDROGEL_PACK;XIRECS;9999.0;2
979700;Mark 38;Mark 14;VEV_4000;XIRECS;1270.0;2
982000;Mark 55;Mark 01;VELVETFRUIT_EXTRACT;XIRECS;5257.0;3
982900;Mark 14;Mark 38;HYDROGEL_PACK;XIRECS;9998.0;6
984700;Mark 67;Mark 22;VELVETFRUIT_EXTRACT;XIRECS;5251.0;9
984900;Mark 55;Mark 14;VELVETFRUIT_EXTRACT;XIRECS;5254.0;6
985400;Mark 38;Mark 14;HYDROGEL_PACK;XIRECS;10024.0;4
985600;Mark 67;Mark 49;VELVETFRUIT_EXTRACT;XIRECS;5252.0;14
985800;Mark 38;Mark 14;HYDROGEL_PACK;XIRECS;10029.0;4
986300;Mark 67;Mark 22;VELVETFRUIT_EXTRACT;XIRECS;5254.0;10
988000;Mark 14;Mark 38;HYDROGEL_PACK;XIRECS;10016.0;4
988000;Mark 55;Mark 01;VELVETFRUIT_EXTRACT;XIRECS;5256.0;4
988100;Mark 14;Mark 22;VEV_5200;XIRECS;94.0;5
988100;Mark 01;Mark 22;VEV_5300;XIRECS;46.0;5
988100;Mark 01;Mark 22;VEV_5400;XIRECS;14.0;5
988100;Mark 01;Mark 22;VEV_5500;XIRECS;5.0;5
988100;Mark 01;Mark 22;VEV_6000;XIRECS;0.0;5
988100;Mark 01;Mark 22;VEV_6500;XIRECS;0.0;5
988400;Mark 14;Mark 38;HYDROGEL_PACK;XIRECS;10016.0;6
989000;Mark 14;Mark 38;HYDROGEL_PACK;XIRECS;10017.0;4
990300;Mark 01;Mark 22;VEV_5400;XIRECS;15.0;5
990300;Mark 01;Mark 22;VEV_6000;XIRECS;0.0;5
990300;Mark 01;Mark 22;VEV_6500;XIRECS;0.0;5
991500;Mark 14;Mark 55;VELVETFRUIT_EXTRACT;XIRECS;5260.0;4
991600;Mark 14;Mark 55;VELVETFRUIT_EXTRACT;XIRECS;5260.0;7
997300;Mark 14;Mark 38;VEV_4000;XIRECS;1261.0;2
998500;Mark 38;Mark 14;VEV_4000;XIRECS;1280.0;3
