timestamp;buyer;seller;symbol;currency;price;quantity
1700;Mark 14;Mark 38;VEV_4000;XIRECS;1287.0;2
4400;Mark 38;Mark 14;HYDROGEL_PACK;XIRECS;10028.0;6
4500;Mark 14;Mark 38;HYDROGEL_PACK;XIRECS;10010.0;3
8100;Mark 14;Mark 38;HYDROGEL_PACK;XIRECS;10008.0;5
8700;Mark 38;Mark 14;VEV_4000;XIRECS;1310.0;2
10600;Mark 55;Mark 14;VELVETFRUIT_EXTRACT;XIRECS;5296.0;3
14200;Mark 55;Mark 01;VELVETFRUIT_EXTRACT;XIRECS;5293.0;5
17100;Mark 01;Mark 55;VELVETFRUIT_EXTRACT;XIRECS;5283.0;5
18600;Mark 01;Mark 55;VELVETFRUIT_EXTRACT;XIRECS;5275.0;3
18700;Mark 14;Mark 38;HYDROGEL_PACK;XIRECS;10004.0;2
19200;Mark 38;Mark 14;HYDROGEL_PACK;XIRECS;10020.0;4
19500;Mark 38;Mark 14;HYDROGEL_PACK;XIRECS;10019.0;2
20100;Mark 55;Mark 14;VELVETFRUIT_EXTRACT;XIRECS;5279.0;5
22300;Mark 38;Mark 14;HYDROGEL_PACK;XIRECS;10037.0;4
22500;Mark 38;Mark 14;HYDROGEL_PACK;XIRECS;10041.0;6
22800;Mark 38;Mark 14;VEV_4000;XIRECS;1283.0;3
23900;Mark 14;Mark 38;HYDROGEL_PACK;XIRECS;10022.0;2
24500;Mark 14;Mark 38;HYDROGEL_PACK;XIRECS;10026.0;5
25600;Mark 14;Mark 38;HYDROGEL_PACK;XIRECS;10026.0;3
28000;Mark 55;Mark 01;VELVETFRUIT_EXTRACT;XIRECS;5275.0;5
28400;Mark 38;Mark 14;HYDROGEL_PACK;XIRECS;10037.0;3
28500;Mark 14;Mark 55;VELVETFRUIT_EXTRACT;XIRECS;5271.0;7
31300;Mark 14;Mark 38;HYDROGEL_PACK;XIRECS;10032.0;3
31400;Mark 67;Mark 22;VELVETFRUIT_EXTRACT;XIRECS;5264.0;7
32700;Mark 14;Mark 55;VELVETFRUIT_EXTRACT;XIRECS;5265.0;5
32900;Mark 01;Mark 22;VEV_5300;XIRECS;45.0;3
32900;Mark 01;Mark 22;VEV_5400;XIRECS;14.0;3
32900;Mark 01;Mark 22;VEV_5500;XIRECS;4.0;3
32900;Mark 01;Mark 22;VEV_6000;XIRECS;0.0;3
32900;Mark 01;Mark 22;VEV_6500;XIRECS;0.0;3
33400;Mark 14;Mark 55;VELVETFRUIT_EXTRACT;XIRECS;5268.0;3
33600;Mark 01;Mark 22;VEV_5300;XIRECS;46.0;2
33600;Mark 14;Mark 22;VEV_5400;XIRECS;15.0;2
33600;Mark 01;Mark 22;VEV_5500;XIRECS;4.0;2
33600;Mark 01;Mark 22;VEV_6000;XIRECS;0.0;2
33600;Mark 01;Mark 22;VEV_6500;XIRECS;0.0;2
33900;Mark 14;Mark 38;HYDROGEL_PACK;XIRECS;10028.0;3
34200;Mark 38;Mark 14;HYDROGEL_PACK;XIRECS;10039.0;6
35100;Mark 14;Mark 38;HYDROGEL_PACK;XIRECS;10024.0;2
35500;Mark 14;Mark 38;HYDROGEL_PACK;XIRECS;10024.0;5
37000;Mark 01;Mark 22;VEV_5400;XIRECS;15.0;5
37000;Mark 01;Mark 22;VEV_5500;XIRECS;4.0;5
37000;Mark 01;Mark 22;VEV_6000;XIRECS;0.0;5
37000;Mark 01;Mark 22;VEV_6500;XIRECS;0.0;5
37100;Mark 14;Mark 38;HYDROGEL_PACK;XIRECS;10015.0;3
38400;Mark 14;Mark 38;HYDROGEL_PACK;XIRECS;10016.0;4
38600;Mark 14;Mark 38;HYDROGEL_PACK;XIRECS;10014.0;5
39100;Mark 01;Mark 55;VELVETFRUIT_EXTRACT;XIRECS;5258.0;5
39500;Mark 14;Mark 55;VELVETFRUIT_EXTRACT;XIRECS;5257.0;4
39800;Mark 55;Mark 14;VELVETFRUIT_EXTRACT;XIRECS;5262.0;3
40200;Mark 01;Mark 22;VEV_5300;XIRECS;41.0;3
40200;Mark 14;Mark 22;VEV_5400;XIRECS;13.0;3
40200;Mark 01;Mark 22;VEV_6000;XIRECS;0.0;3
40200;Mark 01;Mark 22;VEV_6500;XIRECS;0.0;3
43200;Mark 55;Mark 14;VELVETFRUIT_EXTRACT;XIRECS;5249.0;6
43600;Mark 14;Mark 38;VEV_4000;XIRECS;1240.0;1
45600;Mark 01;Mark 22;VEV_5400;XIRECS;11.0;4
45600;Mark 01;Mark 22;VEV_5500;XIRECS;3.0;4
45600;Mark 01;Mark 22;VEV_6000;XIRECS;0.0;4
45600;Mark 01;Mark 22;VEV_6500;XIRECS;0.0;4
47200;Mark 01;Mark 22;VEV_5400;XIRECS;11.0;3
47200;Mark 01;Mark 22;VEV_5500;XIRECS;3.0;3
47200;Mark 01;Mark 22;VEV_6000;XIRECS;0.0;3
47200;Mark 01;Mark 22;VEV_6500;XIRECS;0.0;3
48200;Mark 14;Mark 55;VELVETFRUIT_EXTRACT;XIRECS;5248.0;7
49700;Mark 14;Mark 55;VELVETFRUIT_EXTRACT;XIRECS;5250.0;7
50000;Mark 55;Mark 01;VELVETFRUIT_EXTRACT;XIRECS;5256.0;4
50700;Mark 14;Mark 38;HYDROGEL_PACK;XIRECS;10032.0;5
52300;Mark 14;Mark 38;HYDROGEL_PACK;XIRECS;10034.0;6
54400;Mark 01;Mark 22;VEV_5400;XIRECS;11.0;2
54400;Mark 01;Mark 22;VEV_5500;XIRECS;3.0;2
54400;Mark 01;Mark 22;VEV_6000;XIRECS;0.0;2
54400;Mark 01;Mark 22;VEV_6500;XIRECS;0.0;2
55100;Mark 14;Mark 55;VELVETFRUIT_EXTRACT;XIRECS;5247.0;4
56200;Mark 14;Mark 38;HYDROGEL_PACK;XIRECS;10037.0;6
56400;Mark 01;Mark 55;VELVETFRUIT_EXTRACT;XIRECS;5250.0;5
58300;Mark 67;Mark 22;VELVETFRUIT_EXTRACT;XIRECS;5257.0;6
60600;Mark 14;Mark 38;VEV_4000;XIRECS;1239.0;2
61300;Mark 38;Mark 14;HYDROGEL_PACK;XIRECS;10066.0;6
62400;Mark 14;Mark 55;VELVETFRUIT_EXTRACT;XIRECS;5246.0;5
64800;Mark 22;Mark 38;HYDROGEL_PACK;XIRECS;10055.0;2
67600;Mark 55;Mark 14;VELVETFRUIT_EXTRACT;XIRECS;5261.0;7
68000;Mark 55;Mark 14;VELVETFRUIT_EXTRACT;XIRECS;5261.0;5
69000;Mark 14;Mark 38;HYDROGEL_PACK;XIRECS;10036.0;4
69400;Mark 14;Mark 55;VELVETFRUIT_EXTRACT;XIRECS;5255.0;8
69900;Mark 01;Mark 22;VEV_5400;XIRECS;12.0;5
69900;Mark 01;Mark 22;VEV_5500;XIRECS;3.0;5
69900;Mark 01;Mark 22;VEV_6000;XIRECS;0.0;5
69900;Mark 01;Mark 22;VEV_6500;XIRECS;0.0;5
70100;Mark 01;Mark 22;VEV_5400;XIRECS;12.0;5
70100;Mark 01;Mark 22;VEV_5500;XIRECS;3.0;5
70100;Mark 01;Mark 22;VEV_6000;XIRECS;0.0;5
70100;Mark 01;Mark 22;VEV_6500;XIRECS;0.0;5
70200;Mark 38;Mark 14;VEV_4000;XIRECS;1267.0;1
70300;Mark 01;Mark 22;VEV_5400;XIRECS;12.0;4
70300;Mark 01;Mark 22;VEV_5500;XIRECS;3.0;4
70300;Mark 01;Mark 22;VEV_6000;XIRECS;0.0;4
70300;Mark 01;Mark 22;VEV_6500;XIRECS;0.0;4
74300;Mark 01;Mark 22;VEV_5300;XIRECS;41.0;3
74300;Mark 01;Mark 22;VEV_5400;XIRECS;12.0;3
74300;Mark 01;Mark 22;VEV_6000;XIRECS;0.0;3
74300;Mark 01;Mark 22;VEV_6500;XIRECS;0.0;3
74900;Mark 14;Mark 55;VELVETFRUIT_EXTRACT;XIRECS;5257.0;8
76100;Mark 14;Mark 38;VEV_4000;XIRECS;1247.0;2
77100;Mark 14;Mark 55;VELVETFRUIT_EXTRACT;XIRECS;5255.0;5
77300;Mark 55;Mark 49;VELVETFRUIT_EXTRACT;XIRECS;5256.0;8
77300;Mark 67;Mark 49;VELVETFRUIT_EXTRACT;XIRECS;5256.0;6
77600;Mark 67;Mark 22;VELVETFRUIT_EXTRACT;XIRECS;5255.0;7
78900;Mark 14;Mark 55;VELVETFRUIT_EXTRACT;XIRECS;5256.0;6
79900;Mark 38;Mark 14;HYDROGEL_PACK;XIRECS;10050.0;6
80000;Mark 01;Mark 55;VELVETFRUIT_EXTRACT;XIRECS;5257.0;8
83500;Mark 38;Mark 14;HYDROGEL_PACK;XIRECS;10055.0;5
84100;Mark 01;Mark 55;VELVETFRUIT_EXTRACT;XIRECS;5254.0;3
84900;Mark 14;Mark 38;HYDROGEL_PACK;XIRECS;10040.0;5
85000;Mark 55;Mark 22;VELVETFRUIT_EXTRACT;XIRECS;5248.0;6
86100;Mark 01;Mark 55;VELVETFRUIT_EXTRACT;XIRECS;5244.0;6
87100;Mark 14;Mark 38;HYDROGEL_PACK;XIRECS;10034.0;4
87300;Mark 01;Mark 22;VEV_5400;XIRECS;10.0;3
87300;Mark 01;Mark 22;VEV_5500;XIRECS;3.0;3
87300;Mark 01;Mark 22;VEV_6000;XIRECS;0.0;3
87300;Mark 01;Mark 22;VEV_6500;XIRECS;0.0;3
87400;Mark 01;Mark 55;VELVETFRUIT_EXTRACT;XIRECS;5245.0;6
88200;Mark 38;Mark 14;VEV_4000;XIRECS;1257.0;3
88300;Mark 14;Mark 55;VELVETFRUIT_EXTRACT;XIRECS;5245.0;6
89600;Mark 38;Mark 14;VEV_4000;XIRECS;1257.0;2
89800;Mark 38;Mark 14;HYDROGEL_PACK;XIRECS;10045.0;4
91700;Mark 01;Mark 55;VELVETFRUIT_EXTRACT;XIRECS;5250.0;6
92200;Mark 01;Mark 22;VEV_5300;XIRECS;40.0;3
92200;Mark 01;Mark 22;VEV_5400;XIRECS;12.0;3
92200;Mark 01;Mark 22;VEV_5500;XIRECS;3.0;3
92200;Mark 01;Mark 22;VEV_6000;XIRECS;0.0;3
92200;Mark 01;Mark 22;VEV_6500;XIRECS;0.0;3
92700;Mark 55;Mark 14;VELVETFRUIT_EXTRACT;XIRECS;5261.0;5
93700;Mark 55;Mark 14;VELVETFRUIT_EXTRACT;XIRECS;5259.0;4
95200;Mark 38;Mark 14;HYDROGEL_PACK;XIRECS;10043.0;5
95700;Mark 55;Mark 14;VELVETFRUIT_EXTRACT;XIRECS;5259.0;8
96600;Mark 01;Mark 55;VELVETFRUIT_EXTRACT;XIRECS;5253.0;4
98400;Mark 55;Mark 14;VELVETFRUIT_EXTRACT;XIRECS;5258.0;8
98900;Mark 14;Mark 22;VEV_5200;XIRECS;88.0;3
98900;Mark 01;Mark 22;VEV_5300;XIRECS;39.0;3
98900;Mark 01;Mark 22;VEV_5400;XIRECS;11.0;3
98900;Mark 01;Mark 22;VEV_5500;XIRECS;3.0;3
98900;Mark 01;Mark 22;VEV_6000;XIRECS;0.0;3
98900;Mark 01;Mark 22;VEV_6500;XIRECS;0.0;3
99400;Mark 67;Mark 49;VELVETFRUIT_EXTRACT;XIRECS;5253.0;12
100500;Mark 14;Mark 38;HYDROGEL_PACK;XIRECS;10010.0;6
101300;Mark 55;Mark 01;VELVETFRUIT_EXTRACT;XIRECS;5258.0;4
101900;Mark 01;Mark 55;VELVETFRUIT_EXTRACT;XIRECS;5250.0;3
102200;Mark 01;Mark 55;VELVETFRUIT_EXTRACT;XIRECS;5253.0;4
103700;Mark 67;Mark 49;VELVETFRUIT_EXTRACT;XIRECS;5251.0;8
103800;Mark 14;Mark 55;VELVETFRUIT_EXTRACT;XIRECS;5251.0;8
104600;Mark 38;Mark 14;VEV_4000;XIRECS;1261.0;1
106800;Mark 14;Mark 38;VEV_4000;XIRECS;1239.0;2
108400;Mark 14;Mark 38;HYDROGEL_PACK;XIRECS;10026.0;5
108800;Mark 14;Mark 38;VEV_4000;XIRECS;1244.0;3
109400;Mark 14;Mark 55;VELVETFRUIT_EXTRACT;XIRECS;5252.0;8
109500;Mark 14;Mark 38;HYDROGEL_PACK;XIRECS;10013.0;6
110200;Mark 14;Mark 38;HYDROGEL_PACK;XIRECS;10019.0;5
111400;Mark 14;Mark 55;VELVETFRUIT_EXTRACT;XIRECS;5245.0;4
111600;Mark 49;Mark 22;VELVETFRUIT_EXTRACT;XIRECS;5244.0;6
112400;Mark 38;Mark 14;HYDROGEL_PACK;XIRECS;10038.0;4
115000;Mark 67;Mark 22;VELVETFRUIT_EXTRACT;XIRECS;5239.0;9
117400;Mark 67;Mark 49;VELVETFRUIT_EXTRACT;XIRECS;5231.0;9
117800;Mark 38;Mark 14;VEV_4000;XIRECS;1247.0;1
118500;Mark 38;Mark 14;HYDROGEL_PACK;XIRECS;10043.0;5
118700;Mark 01;Mark 22;VEV_5400;XIRECS;9.0;4
118700;Mark 01;Mark 22;VEV_5500;XIRECS;2.0;4
118700;Mark 01;Mark 22;VEV_6000;XIRECS;0.0;4
118700;Mark 01;Mark 22;VEV_6500;XIRECS;0.0;4
119000;Mark 14;Mark 38;HYDROGEL_PACK;XIRECS;10028.0;6
119700;Mark 55;Mark 01;VELVETFRUIT_EXTRACT;XIRECS;5241.0;6
119900;Mark 14;Mark 38;HYDROGEL_PACK;XIRECS;10022.0;2
121500;Mark 38;Mark 14;HYDROGEL_PACK;XIRECS;10030.0;4
121800;Mark 67;Mark 22;VELVETFRUIT_EXTRACT;XIRECS;5243.0;8
122400;Mark 14;Mark 55;VELVETFRUIT_EXTRACT;XIRECS;5241.0;5
122600;Mark 14;Mark 38;HYDROGEL_PACK;XIRECS;10012.0;4
123100;Mark 38;Mark 14;VEV_4000;XIRECS;1255.0;3
123700;Mark 14;Mark 38;HYDROGEL_PACK;XIRECS;10010.0;2
124700;Mark 55;Mark 14;VELVETFRUIT_EXTRACT;XIRECS;5242.0;4
125300;Mark 38;Mark 14;HYDROGEL_PACK;XIRECS;10029.0;4
125700;Mark 38;Mark 14;VEV_4000;XIRECS;1249.0;1
126600;Mark 14;Mark 38;HYDROGEL_PACK;XIRECS;10020.0;6
126600;Mark 01;Mark 22;VEV_5400;XIRECS;9.0;5
126600;Mark 01;Mark 22;VEV_5500;XIRECS;2.0;5
126600;Mark 01;Mark 22;VEV_6000;XIRECS;0.0;5
126600;Mark 01;Mark 22;VEV_6500;XIRECS;0.0;5
127100;Mark 55;Mark 14;VELVETFRUIT_EXTRACT;XIRECS;5242.0;7
128200;Mark 38;Mark 14;HYDROGEL_PACK;XIRECS;10029.0;2
128700;Mark 01;Mark 22;VEV_5200;XIRECS;77.0;3
128700;Mark 14;Mark 22;VEV_5300;XIRECS;33.0;3
128700;Mark 01;Mark 22;VEV_5400;XIRECS;9.0;3
128700;Mark 01;Mark 22;VEV_5500;XIRECS;2.0;3
128700;Mark 01;Mark 22;VEV_6000;XIRECS;0.0;3
128700;Mark 01;Mark 22;VEV_6500;XIRECS;0.0;3
129000;Mark 55;Mark 01;VELVETFRUIT_EXTRACT;XIRECS;5240.0;8
129800;Mark 14;Mark 38;VEV_4000;XIRECS;1233.0;1
130000;Mark 14;Mark 38;HYDROGEL_PACK;XIRECS;10014.0;4
130700;Mark 38;Mark 14;HYDROGEL_PACK;XIRECS;10026.0;2
130800;Mark 67;Mark 22;VELVETFRUIT_EXTRACT;XIRECS;5247.0;9
131500;Mark 38;Mark 14;HYDROGEL_PACK;XIRECS;10020.0;5
132100;Mark 01;Mark 22;VEV_5400;XIRECS;10.0;4
132100;Mark 01;Mark 22;VEV_5500;XIRECS;3.0;4
132100;Mark 01;Mark 22;VEV_6000;XIRECS;0.0;4
132100;Mark 01;Mark 22;VEV_6500;XIRECS;0.0;4
132500;Mark 55;Mark 14;VELVETFRUIT_EXTRACT;XIRECS;5253.0;3
135900;Mark 55;Mark 14;VELVETFRUIT_EXTRACT;XIRECS;5255.0;6
136100;Mark 14;Mark 38;HYDROGEL_PACK;XIRECS;10018.0;6
137700;Mark 01;Mark 22;VEV_5300;XIRECS;36.0;4
137700;Mark 01;Mark 22;VEV_5400;XIRECS;10.0;4
137700;Mark 01;Mark 22;VEV_5500;XIRECS;3.0;4
137700;Mark 01;Mark 22;VEV_6000;XIRECS;0.0;4
137700;Mark 01;Mark 22;VEV_6500;XIRECS;0.0;4
138200;Mark 38;Mark 14;HYDROGEL_PACK;XIRECS;10023.0;4
139400;Mark 38;Mark 14;VEV_4000;XIRECS;1254.0;1
140700;Mark 38;Mark 14;VEV_4000;XIRECS;1251.0;2
141900;Mark 14;Mark 55;VELVETFRUIT_EXTRACT;XIRECS;5236.0;6
142700;Mark 38;Mark 14;HYDROGEL_PACK;XIRECS;10015.0;6
142700;Mark 01;Mark 22;VEV_5400;XIRECS;9.0;5
142700;Mark 01;Mark 22;VEV_5500;XIRECS;2.0;5
142700;Mark 01;Mark 22;VEV_6000;XIRECS;0.0;5
142700;Mark 01;Mark 22;VEV_6500;XIRECS;0.0;5
143600;Mark 14;Mark 55;VELVETFRUIT_EXTRACT;XIRECS;5243.0;4
144500;Mark 55;Mark 01;VELVETFRUIT_EXTRACT;XIRECS;5247.0;7
144800;Mark 01;Mark 22;VEV_5400;XIRECS;10.0;3
144800;Mark 01;Mark 22;VEV_5500;XIRECS;2.0;3
144800;Mark 01;Mark 22;VEV_6000;XIRECS;0.0;3
144800;Mark 01;Mark 22;VEV_6500;XIRECS;0.0;3
145100;Mark 14;Mark 55;VELVETFRUIT_EXTRACT;XIRECS;5243.0;5
145500;Mark 14;Mark 38;VEV_4000;XIRECS;1235.0;2
148500;Mark 14;Mark 38;HYDROGEL_PACK;XIRECS;9999.0;3
148800;Mark 14;Mark 38;VEV_4000;XIRECS;1234.0;2
150300;Mark 14;Mark 38;HYDROGEL_PACK;XIRECS;9988.0;3
150700;Mark 14;Mark 38;HYDROGEL_PACK;XIRECS;9990.0;3
151400;Mark 38;Mark 14;HYDROGEL_PACK;XIRECS;10015.0;6
151600;Mark 55;Mark 01;VELVETFRUIT_EXTRACT;XIRECS;5245.0;7
152300;Mark 38;Mark 14;HYDROGEL_PACK;XIRECS;10019.0;4
153500;Mark 14;Mark 55;VELVETFRUIT_EXTRACT;XIRECS;5240.0;7
153700;Mark 14;Mark 38;HYDROGEL_PACK;XIRECS;10012.0;3
155400;Mark 38;Mark 22;VEV_4000;XIRECS;1239.0;2
155400;Mark 38;Mark 22;VEV_4500;XIRECS;739.0;2
155400;Mark 38;Mark 22;VEV_5000;XIRECS;242.0;2
155400;Mark 38;Mark 22;VEV_5100;XIRECS;151.0;2
155400;Mark 38;Mark 22;VEV_5200;XIRECS;79.0;2
155400;Mark 01;Mark 22;VEV_5300;XIRECS;33.0;2
155400;Mark 01;Mark 22;VEV_5400;XIRECS;9.0;2
155400;Mark 01;Mark 22;VEV_5500;XIRECS;2.0;2
155400;Mark 01;Mark 22;VEV_6000;XIRECS;0.0;2
155400;Mark 01;Mark 22;VEV_6500;XIRECS;0.0;2
157500;Mark 38;Mark 14;HYDROGEL_PACK;XIRECS;10033.0;6
158000;Mark 55;Mark 01;VELVETFRUIT_EXTRACT;XIRECS;5237.0;8
160000;Mark 55;Mark 14;VELVETFRUIT_EXTRACT;XIRECS;5236.0;8
160100;Mark 38;Mark 14;HYDROGEL_PACK;XIRECS;10044.0;4
165300;Mark 38;Mark 14;VEV_4000;XIRECS;1251.0;3
165600;Mark 01;Mark 55;VELVETFRUIT_EXTRACT;XIRECS;5237.0;6
166000;Mark 01;Mark 22;VEV_5400;XIRECS;9.0;5
166000;Mark 01;Mark 22;VEV_5500;XIRECS;2.0;5
166000;Mark 01;Mark 22;VEV_6000;XIRECS;0.0;5
166000;Mark 01;Mark 22;VEV_6500;XIRECS;0.0;5
167900;Mark 14;Mark 38;VEV_4000;XIRECS;1232.0;1
170900;Mark 55;Mark 01;VELVETFRUIT_EXTRACT;XIRECS;5249.0;5
172300;Mark 01;Mark 22;VEV_5500;XIRECS;3.0;2
172300;Mark 01;Mark 22;VEV_6000;XIRECS;0.0;2
172300;Mark 01;Mark 22;VEV_6500;XIRECS;0.0;2
173800;Mark 38;Mark 14;HYDROGEL_PACK;XIRECS;10037.0;5
174100;Mark 38;Mark 14;HYDROGEL_PACK;XIRECS;10040.0;2
174800;Mark 55;Mark 01;VELVETFRUIT_EXTRACT;XIRECS;5253.0;5
175100;Mark 38;Mark 14;VEV_4000;XIRECS;1259.0;3
175300;Mark 55;Mark 14;VELVETFRUIT_EXTRACT;XIRECS;5250.0;7
176700;Mark 14;Mark 38;VEV_4000;XIRECS;1238.0;1
177200;Mark 14;Mark 38;HYDROGEL_PACK;XIRECS;10030.0;2
180300;Mark 38;Mark 14;VEV_4000;XIRECS;1258.0;3
180800;Mark 14;Mark 38;HYDROGEL_PACK;XIRECS;10018.0;5
181200;Mark 14;Mark 38;VEV_4000;XIRECS;1235.0;2
182100;Mark 38;Mark 14;HYDROGEL_PACK;XIRECS;10019.0;6
182100;Mark 14;Mark 38;VEV_4000;XIRECS;1237.0;3
182500;Mark 14;Mark 38;HYDROGEL_PACK;XIRECS;10007.0;6
182600;Mark 14;Mark 55;VELVETFRUIT_EXTRACT;XIRECS;5245.0;6
183100;Mark 14;Mark 38;VEV_4000;XIRECS;1237.0;3
183400;Mark 38;Mark 14;HYDROGEL_PACK;XIRECS;10031.0;4
186200;Mark 01;Mark 55;VELVETFRUIT_EXTRACT;XIRECS;5242.0;8
189100;Mark 14;Mark 38;HYDROGEL_PACK;XIRECS;9992.0;4
190700;Mark 01;Mark 55;VELVETFRUIT_EXTRACT;XIRECS;5247.0;3
191300;Mark 38;Mark 14;VEV_4000;XIRECS;1259.0;1
191900;Mark 14;Mark 38;VEV_4000;XIRECS;1236.0;1
192600;Mark 01;Mark 55;VELVETFRUIT_EXTRACT;XIRECS;5247.0;6
194700;Mark 14;Mark 38;HYDROGEL_PACK;XIRECS;10006.0;3
195800;Mark 55;Mark 01;VELVETFRUIT_EXTRACT;XIRECS;5250.0;7
196600;Mark 14;Mark 38;VEV_4000;XIRECS;1234.0;1
197500;Mark 55;Mark 14;VELVETFRUIT_EXTRACT;XIRECS;5247.0;3
198800;Mark 38;Mark 14;HYDROGEL_PACK;XIRECS;10029.0;5
199000;Mark 01;Mark 55;VELVETFRUIT_EXTRACT;XIRECS;5236.0;3
200100;Mark 38;Mark 14;HYDROGEL_PACK;XIRECS;10028.0;3
201600;Mark 01;Mark 55;VELVETFRUIT_EXTRACT;XIRECS;5239.0;4
202200;Mark 14;Mark 38;HYDROGEL_PACK;XIRECS;9995.0;5
202500;Mark 38;Mark 14;VEV_4000;XIRECS;1247.0;1
203300;Mark 14;Mark 38;HYDROGEL_PACK;XIRECS;10000.0;4
203500;Mark 14;Mark 38;HYDROGEL_PACK;XIRECS;10003.0;3
203800;Mark 38;Mark 14;VEV_4000;XIRECS;1245.0;1
204800;Mark 14;Mark 38;HYDROGEL_PACK;XIRECS;9993.0;4
205100;Mark 14;Mark 38;HYDROGEL_PACK;XIRECS;9986.0;5
205400;Mark 38;Mark 14;HYDROGEL_PACK;XIRECS;10005.0;4
206300;Mark 14;Mark 38;HYDROGEL_PACK;XIRECS;9981.0;6
207500;Mark 55;Mark 14;VELVETFRUIT_EXTRACT;XIRECS;5237.0;8
207600;Mark 55;Mark 14;VELVETFRUIT_EXTRACT;XIRECS;5237.0;5
208400;Mark 55;Mark 14;VELVETFRUIT_EXTRACT;XIRECS;5239.0;5
209200;Mark 14;Mark 38;HYDROGEL_PACK;XIRECS;9972.0;5
213400;Mark 14;Mark 38;HYDROGEL_PACK;XIRECS;9994.0;3
214000;Mark 14;Mark 55;VELVETFRUIT_EXTRACT;XIRECS;5233.0;5
215100;Mark 67;Mark 49;VELVETFRUIT_EXTRACT;XIRECS;5231.0;14
215700;Mark 55;Mark 14;VELVETFRUIT_EXTRACT;XIRECS;5234.0;3
217100;Mark 38;Mark 22;HYDROGEL_PACK;XIRECS;10020.0;3
218200;Mark 55;Mark 01;VELVETFRUIT_EXTRACT;XIRECS;5233.0;8
218300;Mark 01;Mark 22;VEV_5300;XIRECS;29.0;5
218300;Mark 01;Mark 22;VEV_5400;XIRECS;8.0;5
218300;Mark 01;Mark 22;VEV_5500;XIRECS;2.0;5
218300;Mark 01;Mark 22;VEV_6000;XIRECS;0.0;5
218300;Mark 01;Mark 22;VEV_6500;XIRECS;0.0;5
220600;Mark 14;Mark 38;HYDROGEL_PACK;XIRECS;10013.0;5
220800;Mark 01;Mark 22;VEV_5300;XIRECS;31.0;4
220800;Mark 01;Mark 22;VEV_5400;XIRECS;8.0;4
220800;Mark 01;Mark 22;VEV_5500;XIRECS;2.0;4
220800;Mark 01;Mark 22;VEV_6000;XIRECS;0.0;4
220800;Mark 01;Mark 22;VEV_6500;XIRECS;0.0;4
221900;Mark 38;Mark 14;HYDROGEL_PACK;XIRECS;10036.0;5
222300;Mark 38;Mark 14;HYDROGEL_PACK;XIRECS;10035.0;2
222400;Mark 01;Mark 22;VEV_5200;XIRECS;71.0;2
222400;Mark 01;Mark 22;VEV_5300;XIRECS;29.0;2
222400;Mark 01;Mark 22;VEV_5400;XIRECS;8.0;2
222400;Mark 01;Mark 22;VEV_5500;XIRECS;2.0;2
222400;Mark 01;Mark 22;VEV_6000;XIRECS;0.0;2
222400;Mark 01;Mark 22;VEV_6500;XIRECS;0.0;2
224400;Mark 55;Mark 14;VELVETFRUIT_EXTRACT;XIRECS;5231.0;4
225000;Mark 55;Mark 14;VELVETFRUIT_EXTRACT;XIRECS;5232.0;7
229500;Mark 14;Mark 55;VELVETFRUIT_EXTRACT;XIRECS;5239.0;4
229500;Mark 38;Mark 14;VEV_4000;XIRECS;1252.0;2
230300;Mark 14;Mark 38;HYDROGEL_PACK;XIRECS;9972.0;5
230900;Mark 38;Mark 14;HYDROGEL_PACK;XIRECS;9984.0;6
231300;Mark 14;Mark 38;HYDROGEL_PACK;XIRECS;9968.0;3
231300;Mark 01;Mark 55;VELVETFRUIT_EXTRACT;XIRECS;5238.0;7
233100;Mark 14;Mark 38;VEV_4000;XIRECS;1222.0;3
233900;Mark 14;Mark 55;VELVETFRUIT_EXTRACT;XIRECS;5233.0;8
234500;Mark 55;Mark 14;VELVETFRUIT_EXTRACT;XIRECS;5238.0;4
234700;Mark 38;Mark 14;VEV_4000;XIRECS;1244.0;2
235900;Mark 14;Mark 38;HYDROGEL_PACK;XIRECS;9992.0;3
236100;Mark 01;Mark 55;VELVETFRUIT_EXTRACT;XIRECS;5228.0;8
236300;Mark 14;Mark 38;HYDROGEL_PACK;XIRECS;9994.0;4
240100;Mark 14;Mark 38;HYDROGEL_PACK;XIRECS;10013.0;2
240700;Mark 14;Mark 38;VEV_4000;XIRECS;1225.0;3
241200;Mark 14;Mark 38;VEV_4000;XIRECS;1222.0;1
243700;Mark 01;Mark 22;VEV_5300;XIRECS;31.0;2
243700;Mark 01;Mark 22;VEV_5400;XIRECS;9.0;2
243700;Mark 01;Mark 22;VEV_5500;XIRECS;2.0;2
243700;Mark 01;Mark 22;VEV_6000;XIRECS;0.0;2
243700;Mark 01;Mark 22;VEV_6500;XIRECS;0.0;2
243900;Mark 55;Mark 14;VELVETFRUIT_EXTRACT;XIRECS;5239.0;3
245100;Mark 14;Mark 55;VELVETFRUIT_EXTRACT;XIRECS;5229.0;8
245700;Mark 14;Mark 55;VELVETFRUIT_EXTRACT;XIRECS;5232.0;3
247000;Mark 38;Mark 14;HYDROGEL_PACK;XIRECS;10038.0;6
248100;Mark 55;Mark 14;VELVETFRUIT_EXTRACT;XIRECS;5239.0;8
250200;Mark 01;Mark 22;VEV_5400;XIRECS;9.0;5
250200;Mark 01;Mark 22;VEV_5500;XIRECS;2.0;5
250200;Mark 01;Mark 22;VEV_6000;XIRECS;0.0;5
250200;Mark 01;Mark 22;VEV_6500;XIRECS;0.0;5
251400;Mark 01;Mark 55;VELVETFRUIT_EXTRACT;XIRECS;5235.0;4
252100;Mark 55;Mark 01;VELVETFRUIT_EXTRACT;XIRECS;5241.0;3
252700;Mark 38;Mark 14;VEV_4000;XIRECS;1250.0;1
253400;Mark 14;Mark 22;VEV_5200;XIRECS;80.0;5
253400;Mark 01;Mark 22;VEV_5500;XIRECS;2.0;5
253400;Mark 01;Mark 22;VEV_6000;XIRECS;0.0;5
253400;Mark 01;Mark 22;VEV_6500;XIRECS;0.0;5
254000;Mark 67;Mark 22;VELVETFRUIT_EXTRACT;XIRECS;5242.0;7
254300;Mark 67;Mark 49;VELVETFRUIT_EXTRACT;XIRECS;5239.0;15
254800;Mark 14;Mark 38;HYDROGEL_PACK;XIRECS;10031.0;4
254900;Mark 22;Mark 38;HYDROGEL_PACK;XIRECS;10036.0;3
256400;Mark 14;Mark 38;HYDROGEL_PACK;XIRECS;10032.0;4
258200;Mark 14;Mark 38;HYDROGEL_PACK;XIRECS;10010.0;3
259200;Mark 38;Mark 14;HYDROGEL_PACK;XIRECS;10023.0;4
259900;Mark 14;Mark 38;HYDROGEL_PACK;XIRECS;10001.0;2
260600;Mark 14;Mark 55;VELVETFRUIT_EXTRACT;XIRECS;5228.0;6
261600;Mark 14;Mark 38;HYDROGEL_PACK;XIRECS;9995.0;6
261700;Mark 55;Mark 01;VELVETFRUIT_EXTRACT;XIRECS;5231.0;4
262100;Mark 38;Mark 14;HYDROGEL_PACK;XIRECS;10011.0;6
262500;Mark 55;Mark 14;VELVETFRUIT_EXTRACT;XIRECS;5231.0;5
263200;Mark 14;Mark 38;VEV_4000;XIRECS;1216.0;3
263400;Mark 55;Mark 01;VELVETFRUIT_EXTRACT;XIRECS;5231.0;3
263500;Mark 55;Mark 14;VELVETFRUIT_EXTRACT;XIRECS;5230.0;5
264000;Mark 67;Mark 49;VELVETFRUIT_EXTRACT;XIRECS;5230.0;9
265900;Mark 14;Mark 38;HYDROGEL_PACK;XIRECS;9982.0;6
266300;Mark 38;Mark 14;HYDROGEL_PACK;XIRECS;10001.0;6
268100;Mark 38;Mark 14;VEV_4000;XIRECS;1247.0;3
268500;Mark 14;Mark 55;VELVETFRUIT_EXTRACT;XIRECS;5236.0;3
268800;Mark 38;Mark 14;HYDROGEL_PACK;XIRECS;10005.0;2
269000;Mark 14;Mark 22;VEV_5200;XIRECS;76.0;2
269000;Mark 14;Mark 22;VEV_5300;XIRECS;32.0;2
269000;Mark 01;Mark 22;VEV_5400;XIRECS;9.0;2
269000;Mark 01;Mark 22;VEV_5500;XIRECS;2.0;2
269000;Mark 01;Mark 22;VEV_6000;XIRECS;0.0;2
269000;Mark 01;Mark 22;VEV_6500;XIRECS;0.0;2
270900;Mark 14;Mark 38;HYDROGEL_PACK;XIRECS;9994.0;6
272300;Mark 01;Mark 55;VELVETFRUIT_EXTRACT;XIRECS;5233.0;6
273400;Mark 01;Mark 22;VEV_5500;XIRECS;2.0;5
273400;Mark 01;Mark 22;VEV_6000;XIRECS;0.0;5
273400;Mark 01;Mark 22;VEV_6500;XIRECS;0.0;5
276600;Mark 14;Mark 38;HYDROGEL_PACK;XIRECS;10001.0;6
277600;Mark 22;Mark 55;VELVETFRUIT_EXTRACT;XIRECS;5241.0;5
277800;Mark 14;Mark 38;HYDROGEL_PACK;XIRECS;9990.0;6
281100;Mark 14;Mark 55;VELVETFRUIT_EXTRACT;XIRECS;5237.0;8
281800;Mark 14;Mark 55;VELVETFRUIT_EXTRACT;XIRECS;5237.0;4
281900;Mark 38;Mark 14;HYDROGEL_PACK;XIRECS;10020.0;2
282100;Mark 01;Mark 55;VELVETFRUIT_EXTRACT;XIRECS;5235.0;7
283900;Mark 01;Mark 55;VELVETFRUIT_EXTRACT;XIRECS;5237.0;6
284600;Mark 14;Mark 55;VELVETFRUIT_EXTRACT;XIRECS;5241.0;7
285600;Mark 67;Mark 22;VELVETFRUIT_EXTRACT;XIRECS;5245.0;7
285700;Mark 14;Mark 55;VELVETFRUIT_EXTRACT;XIRECS;5243.0;5
285900;Mark 55;Mark 14;VELVETFRUIT_EXTRACT;XIRECS;5247.0;8
287000;Mark 01;Mark 55;VELVETFRUIT_EXTRACT;XIRECS;5241.0;7
289400;Mark 01;Mark 22;VEV_5300;XIRECS;31.0;2
289400;Mark 01;Mark 22;VEV_5400;XIRECS;8.0;2
289400;Mark 01;Mark 22;VEV_5500;XIRECS;2.0;2
289400;Mark 01;Mark 22;VEV_6000;XIRECS;0.0;2
289400;Mark 01;Mark 22;VEV_6500;XIRECS;0.0;2
289600;Mark 49;Mark 22;VELVETFRUIT_EXTRACT;XIRECS;5234.0;6
290900;Mark 01;Mark 22;VEV_5300;XIRECS;29.0;4
290900;Mark 01;Mark 22;VEV_5400;XIRECS;8.0;4
290900;Mark 01;Mark 22;VEV_5500;XIRECS;1.0;4
290900;Mark 01;Mark 22;VEV_6000;XIRECS;0.0;4
290900;Mark 01;Mark 22;VEV_6500;XIRECS;0.0;4
292600;Mark 55;Mark 01;VELVETFRUIT_EXTRACT;XIRECS;5230.0;7
293300;Mark 14;Mark 55;VELVETFRUIT_EXTRACT;XIRECS;5225.0;3
293400;Mark 01;Mark 55;VELVETFRUIT_EXTRACT;XIRECS;5223.0;6
294300;Mark 67;Mark 22;VELVETFRUIT_EXTRACT;XIRECS;5226.0;10
295400;Mark 01;Mark 55;VELVETFRUIT_EXTRACT;XIRECS;5218.0;3
295600;Mark 55;Mark 01;VELVETFRUIT_EXTRACT;XIRECS;5221.0;8
296200;Mark 38;Mark 14;HYDROGEL_PACK;XIRECS;10033.0;6
296500;Mark 38;Mark 14;VEV_4000;XIRECS;1232.0;3
298100;Mark 55;Mark 14;VELVETFRUIT_EXTRACT;XIRECS;5225.0;5
298800;Mark 01;Mark 55;VELVETFRUIT_EXTRACT;XIRECS;5217.0;7
302800;Mark 55;Mark 49;VELVETFRUIT_EXTRACT;XIRECS;5224.0;3
303900;Mark 14;Mark 38;VEV_4000;XIRECS;1210.0;3
305500;Mark 55;Mark 14;VELVETFRUIT_EXTRACT;XIRECS;5226.0;8
306100;Mark 14;Mark 38;HYDROGEL_PACK;XIRECS;9999.0;4
306300;Mark 55;Mark 01;VELVETFRUIT_EXTRACT;XIRECS;5226.0;6
309000;Mark 14;Mark 55;VELVETFRUIT_EXTRACT;XIRECS;5220.0;6
310300;Mark 55;Mark 14;VELVETFRUIT_EXTRACT;XIRECS;5226.0;3
310600;Mark 38;Mark 14;HYDROGEL_PACK;XIRECS;9997.0;5
310900;Mark 55;Mark 49;VELVETFRUIT_EXTRACT;XIRECS;5226.0;3
312000;Mark 14;Mark 38;HYDROGEL_PACK;XIRECS;9978.0;3
312800;Mark 14;Mark 38;HYDROGEL_PACK;XIRECS;9974.0;5
314800;Mark 38;Mark 14;HYDROGEL_PACK;XIRECS;9995.0;2
315800;Mark 01;Mark 22;VEV_5300;XIRECS;28.0;3
315800;Mark 01;Mark 22;VEV_5400;XIRECS;7.0;3
315800;Mark 01;Mark 22;VEV_5500;XIRECS;1.0;3
315800;Mark 01;Mark 22;VEV_6000;XIRECS;0.0;3
315800;Mark 01;Mark 22;VEV_6500;XIRECS;0.0;3
317100;Mark 14;Mark 55;VELVETFRUIT_EXTRACT;XIRECS;5224.0;6
317200;Mark 01;Mark 22;VEV_5300;XIRECS;28.0;4
317200;Mark 01;Mark 22;VEV_5400;XIRECS;7.0;4
317200;Mark 01;Mark 22;VEV_5500;XIRECS;1.0;4
317200;Mark 01;Mark 22;VEV_6000;XIRECS;0.0;4
317200;Mark 01;Mark 22;VEV_6500;XIRECS;0.0;4
318600;Mark 55;Mark 01;VELVETFRUIT_EXTRACT;XIRECS;5228.0;4
319100;Mark 14;Mark 38;VEV_4000;XIRECS;1213.0;3
319400;Mark 14;Mark 55;VELVETFRUIT_EXTRACT;XIRECS;5222.0;5
319700;Mark 01;Mark 22;VEV_5300;XIRECS;27.0;2
319700;Mark 01;Mark 22;VEV_5400;XIRECS;7.0;2
319700;Mark 01;Mark 22;VEV_5500;XIRECS;1.0;2
319700;Mark 01;Mark 22;VEV_6000;XIRECS;0.0;2
319700;Mark 01;Mark 22;VEV_6500;XIRECS;0.0;2
319800;Mark 14;Mark 38;HYDROGEL_PACK;XIRECS;9968.0;2
320200;Mark 55;Mark 01;VELVETFRUIT_EXTRACT;XIRECS;5226.0;7
320200;Mark 01;Mark 22;VEV_5300;XIRECS;27.0;4
320200;Mark 14;Mark 22;VEV_5400;XIRECS;7.0;4
320200;Mark 01;Mark 22;VEV_5500;XIRECS;1.0;4
320200;Mark 01;Mark 22;VEV_6000;XIRECS;0.0;4
320200;Mark 01;Mark 22;VEV_6500;XIRECS;0.0;4
321900;Mark 38;Mark 14;HYDROGEL_PACK;XIRECS;9979.0;2
323300;Mark 55;Mark 01;VELVETFRUIT_EXTRACT;XIRECS;5229.0;7
323600;Mark 14;Mark 38;HYDROGEL_PACK;XIRECS;9965.0;2
323600;Mark 14;Mark 38;VEV_4000;XIRECS;1218.0;1
326700;Mark 55;Mark 14;VELVETFRUIT_EXTRACT;XIRECS;5235.0;3
326800;Mark 01;Mark 55;VELVETFRUIT_EXTRACT;XIRECS;5229.0;8
328200;Mark 14;Mark 55;VELVETFRUIT_EXTRACT;XIRECS;5227.0;3
328700;Mark 14;Mark 22;VEV_5200;XIRECS;72.0;3
328700;Mark 01;Mark 22;VEV_5300;XIRECS;29.0;3
328700;Mark 01;Mark 22;VEV_5400;XIRECS;7.0;3
328700;Mark 01;Mark 22;VEV_5500;XIRECS;1.0;3
328700;Mark 01;Mark 22;VEV_6000;XIRECS;0.0;3
328700;Mark 01;Mark 22;VEV_6500;XIRECS;0.0;3
329200;Mark 14;Mark 22;VEV_5200;XIRECS;73.0;5
329200;Mark 14;Mark 22;VEV_5300;XIRECS;30.0;5
329200;Mark 01;Mark 22;VEV_5500;XIRECS;1.0;5
329200;Mark 01;Mark 22;VEV_6000;XIRECS;0.0;5
329200;Mark 01;Mark 22;VEV_6500;XIRECS;0.0;5
329600;Mark 38;Mark 14;HYDROGEL_PACK;XIRECS;10000.0;2
330100;Mark 55;Mark 14;VELVETFRUIT_EXTRACT;XIRECS;5241.0;3
330700;Mark 14;Mark 38;HYDROGEL_PACK;XIRECS;9978.0;3
332000;Mark 14;Mark 55;VELVETFRUIT_EXTRACT;XIRECS;5238.0;8
332600;Mark 01;Mark 22;VEV_5300;XIRECS;32.0;2
332600;Mark 01;Mark 22;VEV_5400;XIRECS;8.0;2
332600;Mark 01;Mark 22;VEV_5500;XIRECS;2.0;2
332600;Mark 01;Mark 22;VEV_6000;XIRECS;0.0;2
332600;Mark 01;Mark 22;VEV_6500;XIRECS;0.0;2
332700;Mark 14;Mark 38;HYDROGEL_PACK;XIRECS;9986.0;5
332800;Mark 14;Mark 55;VELVETFRUIT_EXTRACT;XIRECS;5235.0;6
332900;Mark 38;Mark 14;VEV_4000;XIRECS;1247.0;3
333600;Mark 14;Mark 55;VELVETFRUIT_EXTRACT;XIRECS;5232.0;6
334800;Mark 38;Mark 14;HYDROGEL_PACK;XIRECS;10000.0;6
334800;Mark 38;Mark 14;VEV_4000;XIRECS;1247.0;2
339000;Mark 14;Mark 38;HYDROGEL_PACK;XIRECS;10017.0;3
339800;Mark 38;Mark 14;VEV_4000;XIRECS;1240.0;1
339900;Mark 01;Mark 55;VELVETFRUIT_EXTRACT;XIRECS;5228.0;3
344400;Mark 38;Mark 14;VEV_4000;XIRECS;1239.0;1
344800;Mark 38;Mark 14;HYDROGEL_PACK;XIRECS;10041.0;6
345900;Mark 38;Mark 14;VEV_4000;XIRECS;1240.0;2
346200;Mark 14;Mark 38;HYDROGEL_PACK;XIRECS;10021.0;2
346200;Mark 01;Mark 22;VEV_5400;XIRECS;7.0;3
346200;Mark 01;Mark 22;VEV_5500;XIRECS;1.0;3
346200;Mark 01;Mark 22;VEV_6000;XIRECS;0.0;3
346200;Mark 01;Mark 22;VEV_6500;XIRECS;0.0;3
346900;Mark 01;Mark 55;VELVETFRUIT_EXTRACT;XIRECS;5221.0;3
347100;Mark 38;Mark 14;HYDROGEL_PACK;XIRECS;10045.0;5
349100;Mark 67;Mark 22;VELVETFRUIT_EXTRACT;XIRECS;5220.0;6
349700;Mark 38;Mark 14;HYDROGEL_PACK;XIRECS;10040.0;2
350300;Mark 14;Mark 22;VEV_5200;XIRECS;68.0;4
350300;Mark 01;Mark 22;VEV_5300;XIRECS;27.0;4
350300;Mark 01;Mark 22;VEV_5500;XIRECS;1.0;4
350300;Mark 01;Mark 22;VEV_6000;XIRECS;0.0;4
350300;Mark 01;Mark 22;VEV_6500;XIRECS;0.0;4
352000;Mark 67;Mark 49;VELVETFRUIT_EXTRACT;XIRECS;5221.0;9
357500;Mark 67;Mark 49;VELVETFRUIT_EXTRACT;XIRECS;5216.0;11
358100;Mark 38;Mark 14;HYDROGEL_PACK;XIRECS;10043.0;3
358100;Mark 14;Mark 38;VEV_4000;XIRECS;1206.0;1
360100;Mark 14;Mark 38;HYDROGEL_PACK;XIRECS;10022.0;3
360300;Mark 55;Mark 01;VELVETFRUIT_EXTRACT;XIRECS;5219.0;5
361700;Mark 38;Mark 14;HYDROGEL_PACK;XIRECS;10036.0;3
362400;Mark 38;Mark 14;VEV_4000;XIRECS;1229.0;3
363100;Mark 01;Mark 22;VEV_5200;XIRECS;68.0;2
363100;Mark 01;Mark 22;VEV_5300;XIRECS;27.0;2
363100;Mark 01;Mark 22;VEV_5400;XIRECS;6.0;2
363100;Mark 01;Mark 22;VEV_5500;XIRECS;1.0;2
363100;Mark 01;Mark 22;VEV_6000;XIRECS;0.0;2
363100;Mark 01;Mark 22;VEV_6500;XIRECS;0.0;2
363400;Mark 55;Mark 14;VELVETFRUIT_EXTRACT;XIRECS;5228.0;8
363700;Mark 38;Mark 14;HYDROGEL_PACK;XIRECS;10034.0;3
364600;Mark 14;Mark 55;VELVETFRUIT_EXTRACT;XIRECS;5221.0;6
364700;Mark 01;Mark 22;VEV_5300;XIRECS;27.0;3
364700;Mark 01;Mark 22;VEV_5400;XIRECS;6.0;3
364700;Mark 01;Mark 22;VEV_5500;XIRECS;1.0;3
364700;Mark 01;Mark 22;VEV_6000;XIRECS;0.0;3
364700;Mark 01;Mark 22;VEV_6500;XIRECS;0.0;3
366200;Mark 38;Mark 14;HYDROGEL_PACK;XIRECS;10046.0;4
366700;Mark 38;Mark 14;HYDROGEL_PACK;XIRECS;10046.0;3
367300;Mark 55;Mark 14;VELVETFRUIT_EXTRACT;XIRECS;5228.0;5
367700;Mark 55;Mark 14;VELVETFRUIT_EXTRACT;XIRECS;5230.0;4
368400;Mark 14;Mark 38;HYDROGEL_PACK;XIRECS;10031.0;3
368900;Mark 14;Mark 38;HYDROGEL_PACK;XIRECS;10026.0;5
369300;Mark 55;Mark 14;VELVETFRUIT_EXTRACT;XIRECS;5231.0;5
369800;Mark 14;Mark 22;VEV_5200;XIRECS;70.0;5
369800;Mark 01;Mark 22;VEV_5300;XIRECS;28.0;5
369800;Mark 01;Mark 22;VEV_5400;XIRECS;7.0;5
369800;Mark 01;Mark 22;VEV_5500;XIRECS;1.0;5
369800;Mark 01;Mark 22;VEV_6000;XIRECS;0.0;5
369800;Mark 01;Mark 22;VEV_6500;XIRECS;0.0;5
370100;Mark 22;Mark 38;VEV_4000;XIRECS;1226.0;3
370100;Mark 22;Mark 38;VEV_4500;XIRECS;726.0;3
370100;Mark 22;Mark 38;VEV_5000;XIRECS;229.0;3
370100;Mark 22;Mark 38;VEV_5100;XIRECS;139.0;3
370100;Mark 22;Mark 38;VEV_5200;XIRECS;69.0;3
370100;Mark 22;Mark 38;VEV_5300;XIRECS;28.0;3
370200;Mark 14;Mark 38;HYDROGEL_PACK;XIRECS;10028.0;4
370900;Mark 14;Mark 38;HYDROGEL_PACK;XIRECS;10030.0;3
371300;Mark 55;Mark 14;VELVETFRUIT_EXTRACT;XIRECS;5233.0;6
371900;Mark 01;Mark 55;VELVETFRUIT_EXTRACT;XIRECS;5229.0;4
372800;Mark 55;Mark 14;VELVETFRUIT_EXTRACT;XIRECS;5235.0;4
373000;Mark 01;Mark 55;VELVETFRUIT_EXTRACT;XIRECS;5229.0;6
373200;Mark 14;Mark 38;VEV_4000;XIRECS;1224.0;3
376000;Mark 01;Mark 55;VELVETFRUIT_EXTRACT;XIRECS;5235.0;8
376200;Mark 14;Mark 55;VELVETFRUIT_EXTRACT;XIRECS;5233.0;4
377800;Mark 14;Mark 38;HYDROGEL_PACK;XIRECS;10034.0;5
378400;Mark 14;Mark 55;VELVETFRUIT_EXTRACT;XIRECS;5239.0;7
379400;Mark 14;Mark 38;VEV_4000;XIRECS;1234.0;1
380200;Mark 38;Mark 14;HYDROGEL_PACK;XIRECS;10034.0;6
380200;Mark 55;Mark 01;VELVETFRUIT_EXTRACT;XIRECS;5247.0;5
380700;Mark 55;Mark 14;VELVETFRUIT_EXTRACT;XIRECS;5249.0;3
381000;Mark 14;Mark 38;HYDROGEL_PACK;XIRECS;10020.0;3
382600;Mark 55;Mark 01;VELVETFRUIT_EXTRACT;XIRECS;5254.0;5
385400;Mark 01;Mark 22;VEV_5300;XIRECS;32.0;4
385400;Mark 01;Mark 22;VEV_5400;XIRECS;8.0;4
385400;Mark 01;Mark 22;VEV_5500;XIRECS;2.0;4
385400;Mark 01;Mark 22;VEV_6000;XIRECS;0.0;4
385400;Mark 01;Mark 22;VEV_6500;XIRECS;0.0;4
386400;Mark 14;Mark 38;HYDROGEL_PACK;XIRECS;10006.0;5
387000;Mark 55;Mark 14;VELVETFRUIT_EXTRACT;XIRECS;5246.0;4
389100;Mark 01;Mark 22;VEV_5300;XIRECS;32.0;2
389100;Mark 01;Mark 22;VEV_5400;XIRECS;8.0;2
389100;Mark 01;Mark 22;VEV_5500;XIRECS;2.0;2
389100;Mark 01;Mark 22;VEV_6000;XIRECS;0.0;2
389100;Mark 01;Mark 22;VEV_6500;XIRECS;0.0;2
389200;Mark 14;Mark 38;HYDROGEL_PACK;XIRECS;10006.0;2
389300;Mark 38;Mark 14;VEV_4000;XIRECS;1250.0;3
389800;Mark 01;Mark 55;VELVETFRUIT_EXTRACT;XIRECS;5242.0;5
390200;Mark 14;Mark 38;HYDROGEL_PACK;XIRECS;9996.0;2
390600;Mark 14;Mark 38;HYDROGEL_PACK;XIRECS;10000.0;6
391200;Mark 14;Mark 38;HYDROGEL_PACK;XIRECS;10003.0;2
391400;Mark 01;Mark 22;VEV_5300;XIRECS;34.0;4
391400;Mark 01;Mark 22;VEV_5400;XIRECS;9.0;4
391400;Mark 01;Mark 22;VEV_5500;XIRECS;2.0;4
391400;Mark 01;Mark 22;VEV_6000;XIRECS;0.0;4
391400;Mark 01;Mark 22;VEV_6500;XIRECS;0.0;4
391700;Mark 38;Mark 14;HYDROGEL_PACK;XIRECS;10026.0;4
391900;Mark 14;Mark 38;HYDROGEL_PACK;XIRECS;10010.0;4
392500;Mark 38;Mark 14;VEV_4000;XIRECS;1258.0;1
394800;Mark 14;Mark 38;HYDROGEL_PACK;XIRECS;10007.0;6
395400;Mark 38;Mark 14;VEV_4000;XIRECS;1259.0;3
395500;Mark 38;Mark 14;HYDROGEL_PACK;XIRECS;10031.0;3
396000;Mark 14;Mark 22;VEV_5200;XIRECS;85.0;4
396000;Mark 01;Mark 22;VEV_5400;XIRECS;10.0;4
396000;Mark 01;Mark 22;VEV_5500;XIRECS;2.0;4
396000;Mark 01;Mark 22;VEV_6000;XIRECS;0.0;4
396000;Mark 01;Mark 22;VEV_6500;XIRECS;0.0;4
396500;Mark 38;Mark 22;HYDROGEL_PACK;XIRECS;10018.0;5
396700;Mark 38;Mark 14;VEV_4000;XIRECS;1263.0;3
397000;Mark 38;Mark 14;HYDROGEL_PACK;XIRECS;10027.0;2
397100;Mark 38;Mark 14;HYDROGEL_PACK;XIRECS;10028.0;5
397200;Mark 55;Mark 01;VELVETFRUIT_EXTRACT;XIRECS;5255.0;5
397300;Mark 38;Mark 14;VEV_4000;XIRECS;1262.0;1
397900;Mark 38;Mark 14;VEV_4000;XIRECS;1262.0;2
398500;Mark 14;Mark 38;HYDROGEL_PACK;XIRECS;10015.0;6
398900;Mark 55;Mark 14;VELVETFRUIT_EXTRACT;XIRECS;5253.0;6
399000;Mark 14;Mark 55;VELVETFRUIT_EXTRACT;XIRECS;5248.0;5
399000;Mark 14;Mark 38;VEV_4000;XIRECS;1240.0;1
399600;Mark 01;Mark 55;VELVETFRUIT_EXTRACT;XIRECS;5252.0;6
399800;Mark 14;Mark 55;VELVETFRUIT_EXTRACT;XIRECS;5251.0;6
400200;Mark 38;Mark 14;HYDROGEL_PACK;XIRECS;10023.0;3
402000;Mark 14;Mark 38;VEV_4000;XIRECS;1241.0;3
404000;Mark 14;Mark 55;VELVETFRUIT_EXTRACT;XIRECS;5248.0;6
404300;Mark 14;Mark 38;HYDROGEL_PACK;XIRECS;9993.0;6
405400;Mark 67;Mark 22;VELVETFRUIT_EXTRACT;XIRECS;5241.0;8
406500;Mark 67;Mark 49;VELVETFRUIT_EXTRACT;XIRECS;5236.0;14
406800;Mark 38;Mark 14;HYDROGEL_PACK;XIRECS;10002.0;6
406900;Mark 14;Mark 38;VEV_4000;XIRECS;1225.0;1
409100;Mark 14;Mark 38;HYDROGEL_PACK;XIRECS;9979.0;3
409700;Mark 14;Mark 55;VELVETFRUIT_EXTRACT;XIRECS;5232.0;4
410800;Mark 14;Mark 38;VEV_4000;XIRECS;1223.0;1
411800;Mark 14;Mark 55;VELVETFRUIT_EXTRACT;XIRECS;5229.0;3
417100;Mark 38;Mark 14;HYDROGEL_PACK;XIRECS;10013.0;4
418200;Mark 55;Mark 01;VELVETFRUIT_EXTRACT;XIRECS;5229.0;6
419200;Mark 14;Mark 38;HYDROGEL_PACK;XIRECS;10013.0;2
420300;Mark 38;Mark 14;VEV_4000;XIRECS;1241.0;1
422800;Mark 14;Mark 38;VEV_4000;XIRECS;1219.0;1
424000;Mark 38;Mark 14;HYDROGEL_PACK;XIRECS;10039.0;4
426600;Mark 55;Mark 14;VELVETFRUIT_EXTRACT;XIRECS;5220.0;6
427800;Mark 38;Mark 14;VEV_4000;XIRECS;1228.0;1
428600;Mark 14;Mark 38;VEV_4000;XIRECS;1208.0;1
428900;Mark 14;Mark 22;VEV_5200;XIRECS;65.0;5
428900;Mark 01;Mark 22;VEV_5300;XIRECS;25.0;5
428900;Mark 01;Mark 22;VEV_5400;XIRECS;6.0;5
428900;Mark 01;Mark 22;VEV_5500;XIRECS;1.0;5
428900;Mark 01;Mark 22;VEV_6000;XIRECS;0.0;5
428900;Mark 01;Mark 22;VEV_6500;XIRECS;0.0;5
429300;Mark 55;Mark 14;VELVETFRUIT_EXTRACT;XIRECS;5219.0;7
429500;Mark 55;Mark 14;VELVETFRUIT_EXTRACT;XIRECS;5221.0;4
430100;Mark 55;Mark 01;VELVETFRUIT_EXTRACT;XIRECS;5217.0;6
431900;Mark 01;Mark 22;VEV_5200;XIRECS;63.0;5
431900;Mark 01;Mark 22;VEV_5300;XIRECS;24.0;5
431900;Mark 01;Mark 22;VEV_5400;XIRECS;5.0;5
431900;Mark 01;Mark 22;VEV_5500;XIRECS;1.0;5
431900;Mark 01;Mark 22;VEV_6000;XIRECS;0.0;5
431900;Mark 01;Mark 22;VEV_6500;XIRECS;0.0;5
432800;Mark 55;Mark 01;VELVETFRUIT_EXTRACT;XIRECS;5221.0;7
434200;Mark 14;Mark 38;VEV_4000;XIRECS;1203.0;2
434400;Mark 38;Mark 14;HYDROGEL_PACK;XIRECS;10033.0;4
436000;Mark 38;Mark 14;HYDROGEL_PACK;XIRECS;10051.0;2
437400;Mark 55;Mark 14;VELVETFRUIT_EXTRACT;XIRECS;5220.0;5
437500;Mark 55;Mark 14;VELVETFRUIT_EXTRACT;XIRECS;5220.0;6
438800;Mark 38;Mark 14;HYDROGEL_PACK;XIRECS;10051.0;6
439100;Mark 38;Mark 14;HYDROGEL_PACK;XIRECS;10051.0;3
439700;Mark 14;Mark 55;VELVETFRUIT_EXTRACT;XIRECS;5215.0;3
441900;Mark 55;Mark 14;VELVETFRUIT_EXTRACT;XIRECS;5219.0;5
442200;Mark 01;Mark 22;VEV_5300;XIRECS;23.0;2
442200;Mark 01;Mark 22;VEV_5400;XIRECS;5.0;2
442200;Mark 01;Mark 22;VEV_5500;XIRECS;1.0;2
442200;Mark 01;Mark 22;VEV_6000;XIRECS;0.0;2
442200;Mark 01;Mark 22;VEV_6500;XIRECS;0.0;2
442400;Mark 01;Mark 55;VELVETFRUIT_EXTRACT;XIRECS;5213.0;6
442900;Mark 38;Mark 14;HYDROGEL_PACK;XIRECS;10052.0;2
443100;Mark 67;Mark 49;VELVETFRUIT_EXTRACT;XIRECS;5217.0;11
444100;Mark 01;Mark 55;VELVETFRUIT_EXTRACT;XIRECS;5215.0;8
444500;Mark 55;Mark 01;VELVETFRUIT_EXTRACT;XIRECS;5218.0;8
445000;Mark 14;Mark 55;VELVETFRUIT_EXTRACT;XIRECS;5212.0;6
446100;Mark 38;Mark 14;HYDROGEL_PACK;XIRECS;10054.0;2
446200;Mark 01;Mark 55;VELVETFRUIT_EXTRACT;XIRECS;5209.0;7
448000;Mark 55;Mark 14;VELVETFRUIT_EXTRACT;XIRECS;5210.0;4
450300;Mark 49;Mark 22;VELVETFRUIT_EXTRACT;XIRECS;5214.0;10
450700;Mark 01;Mark 55;VELVETFRUIT_EXTRACT;XIRECS;5210.0;6
451000;Mark 14;Mark 38;HYDROGEL_PACK;XIRECS;10043.0;4
451300;Mark 38;Mark 14;HYDROGEL_PACK;XIRECS;10053.0;6
451300;Mark 14;Mark 22;VEV_5300;XIRECS;23.0;3
451300;Mark 01;Mark 22;VEV_5400;XIRECS;5.0;3
451300;Mark 01;Mark 22;VEV_5500;XIRECS;1.0;3
451300;Mark 01;Mark 22;VEV_6000;XIRECS;0.0;3
451300;Mark 01;Mark 22;VEV_6500;XIRECS;0.0;3
451600;Mark 14;Mark 38;HYDROGEL_PACK;XIRECS;10040.0;2
452100;Mark 38;Mark 14;VEV_4000;XIRECS;1218.0;1
452800;Mark 14;Mark 38;VEV_4000;XIRECS;1201.0;1
453000;Mark 14;Mark 38;HYDROGEL_PACK;XIRECS;10046.0;4
454000;Mark 55;Mark 01;VELVETFRUIT_EXTRACT;XIRECS;5212.0;4
454100;Mark 14;Mark 55;VELVETFRUIT_EXTRACT;XIRECS;5207.0;6
454500;Mark 14;Mark 55;VELVETFRUIT_EXTRACT;XIRECS;5211.0;3
454900;Mark 38;Mark 14;HYDROGEL_PACK;XIRECS;10068.0;2
456100;Mark 14;Mark 55;VELVETFRUIT_EXTRACT;XIRECS;5210.0;3
456400;Mark 55;Mark 01;VELVETFRUIT_EXTRACT;XIRECS;5217.0;6
456600;Mark 01;Mark 22;VEV_5300;XIRECS;23.0;2
456600;Mark 01;Mark 22;VEV_5400;XIRECS;5.0;2
456600;Mark 01;Mark 22;VEV_5500;XIRECS;1.0;2
456600;Mark 01;Mark 22;VEV_6000;XIRECS;0.0;2
456600;Mark 01;Mark 22;VEV_6500;XIRECS;0.0;2
457800;Mark 55;Mark 14;VELVETFRUIT_EXTRACT;XIRECS;5214.0;3
459700;Mark 14;Mark 38;HYDROGEL_PACK;XIRECS;10073.0;4
459800;Mark 01;Mark 22;VEV_5300;XIRECS;23.0;2
459800;Mark 01;Mark 22;VEV_5400;XIRECS;5.0;2
459800;Mark 01;Mark 22;VEV_5500;XIRECS;1.0;2
459800;Mark 01;Mark 22;VEV_6000;XIRECS;0.0;2
459800;Mark 01;Mark 22;VEV_6500;XIRECS;0.0;2
461400;Mark 38;Mark 14;HYDROGEL_PACK;XIRECS;10080.0;4
462100;Mark 67;Mark 22;VELVETFRUIT_EXTRACT;XIRECS;5212.0;9
465000;Mark 14;Mark 38;HYDROGEL_PACK;XIRECS;10051.0;6
465500;Mark 14;Mark 38;VEV_4000;XIRECS;1207.0;1
465600;Mark 38;Mark 14;HYDROGEL_PACK;XIRECS;10066.0;6
466400;Mark 14;Mark 38;HYDROGEL_PACK;XIRECS;10050.0;3
466900;Mark 14;Mark 38;HYDROGEL_PACK;XIRECS;10049.0;5
467300;Mark 14;Mark 55;VELVETFRUIT_EXTRACT;XIRECS;5213.0;7
469100;Mark 01;Mark 55;VELVETFRUIT_EXTRACT;XIRECS;5208.0;3
471200;Mark 38;Mark 14;VEV_4000;XIRECS;1222.0;1
471700;Mark 14;Mark 55;VELVETFRUIT_EXTRACT;XIRECS;5209.0;5
473400;Mark 38;Mark 14;HYDROGEL_PACK;XIRECS;10061.0;6
474600;Mark 14;Mark 38;HYDROGEL_PACK;XIRECS;10041.0;4
476800;Mark 14;Mark 38;HYDROGEL_PACK;XIRECS;10029.0;2
476900;Mark 14;Mark 38;HYDROGEL_PACK;XIRECS;10028.0;4
477000;Mark 14;Mark 55;VELVETFRUIT_EXTRACT;XIRECS;5210.0;5
478700;Mark 55;Mark 14;VELVETFRUIT_EXTRACT;XIRECS;5220.0;4
480000;Mark 14;Mark 38;VEV_4000;XIRECS;1207.0;1
480200;Mark 38;Mark 14;HYDROGEL_PACK;XIRECS;10040.0;5
481200;Mark 14;Mark 38;HYDROGEL_PACK;XIRECS;10020.0;4
481700;Mark 38;Mark 14;VEV_4000;XIRECS;1225.0;2
483900;Mark 01;Mark 22;VEV_5300;XIRECS;22.0;3
483900;Mark 01;Mark 22;VEV_5500;XIRECS;1.0;3
483900;Mark 01;Mark 22;VEV_6000;XIRECS;0.0;3
483900;Mark 01;Mark 22;VEV_6500;XIRECS;0.0;3
485400;Mark 55;Mark 01;VELVETFRUIT_EXTRACT;XIRECS;5218.0;3
485500;Mark 01;Mark 22;VEV_5400;XIRECS;5.0;2
485500;Mark 01;Mark 22;VEV_5500;XIRECS;1.0;2
485500;Mark 01;Mark 22;VEV_6000;XIRECS;0.0;2
485500;Mark 01;Mark 22;VEV_6500;XIRECS;0.0;2
486800;Mark 38;Mark 14;HYDROGEL_PACK;XIRECS;10059.0;4
489800;Mark 14;Mark 55;VELVETFRUIT_EXTRACT;XIRECS;5210.0;8
489900;Mark 38;Mark 14;VEV_4000;XIRECS;1222.0;3
490700;Mark 38;Mark 14;HYDROGEL_PACK;XIRECS;10057.0;4
491400;Mark 38;Mark 14;VEV_4000;XIRECS;1218.0;1
491500;Mark 14;Mark 38;VEV_4000;XIRECS;1199.0;2
492500;Mark 38;Mark 14;VEV_4000;XIRECS;1223.0;2
493200;Mark 01;Mark 55;VELVETFRUIT_EXTRACT;XIRECS;5208.0;8
493700;Mark 55;Mark 14;VELVETFRUIT_EXTRACT;XIRECS;5212.0;8
494100;Mark 55;Mark 14;VELVETFRUIT_EXTRACT;XIRECS;5212.0;4
495400;Mark 38;Mark 14;HYDROGEL_PACK;XIRECS;10052.0;4
496900;Mark 14;Mark 38;VEV_4000;XIRECS;1197.0;2
497300;Mark 14;Mark 55;VELVETFRUIT_EXTRACT;XIRECS;5203.0;7
497600;Mark 14;Mark 38;HYDROGEL_PACK;XIRECS;10034.0;5
497700;Mark 55;Mark 14;VELVETFRUIT_EXTRACT;XIRECS;5209.0;4
498100;Mark 14;Mark 38;HYDROGEL_PACK;XIRECS;10037.0;5
498100;Mark 01;Mark 22;VEV_5300;XIRECS;21.0;5
498100;Mark 01;Mark 22;VEV_5400;XIRECS;4.0;5
498100;Mark 14;Mark 22;VEV_5500;XIRECS;1.0;5
498100;Mark 01;Mark 22;VEV_6000;XIRECS;0.0;5
498100;Mark 01;Mark 22;VEV_6500;XIRECS;0.0;5
498800;Mark 14;Mark 55;VELVETFRUIT_EXTRACT;XIRECS;5196.0;5
499000;Mark 01;Mark 55;VELVETFRUIT_EXTRACT;XIRECS;5198.0;6
499800;Mark 14;Mark 38;HYDROGEL_PACK;XIRECS;10032.0;2
503300;Mark 14;Mark 38;HYDROGEL_PACK;XIRECS;10033.0;2
504500;Mark 38;Mark 14;HYDROGEL_PACK;XIRECS;10054.0;6
505300;Mark 14;Mark 38;HYDROGEL_PACK;XIRECS;10044.0;3
506200;Mark 14;Mark 55;VELVETFRUIT_EXTRACT;XIRECS;5198.0;4
508300;Mark 55;Mark 14;VELVETFRUIT_EXTRACT;XIRECS;5207.0;5
508400;Mark 55;Mark 14;VELVETFRUIT_EXTRACT;XIRECS;5207.0;7
510600;Mark 38;Mark 14;VEV_4000;XIRECS;1217.0;1
511000;Mark 38;Mark 14;VEV_4000;XIRECS;1213.0;2
511400;Mark 14;Mark 38;HYDROGEL_PACK;XIRECS;10038.0;6
511800;Mark 01;Mark 22;VEV_5200;XIRECS;55.0;2
511800;Mark 01;Mark 22;VEV_5300;XIRECS;20.0;2
511800;Mark 01;Mark 22;VEV_5400;XIRECS;4.0;2
511800;Mark 01;Mark 22;VEV_5500;XIRECS;0.0;2
511800;Mark 01;Mark 22;VEV_6000;XIRECS;0.0;2
511800;Mark 01;Mark 22;VEV_6500;XIRECS;0.0;2
512800;Mark 67;Mark 22;VELVETFRUIT_EXTRACT;XIRECS;5203.0;9
516400;Mark 38;Mark 14;HYDROGEL_PACK;XIRECS;10051.0;3
516400;Mark 01;Mark 22;VEV_5200;XIRECS;60.0;4
516400;Mark 01;Mark 22;VEV_5400;XIRECS;4.0;4
516400;Mark 01;Mark 22;VEV_5500;XIRECS;1.0;4
516400;Mark 01;Mark 22;VEV_6000;XIRECS;0.0;4
516400;Mark 01;Mark 22;VEV_6500;XIRECS;0.0;4
517800;Mark 38;Mark 14;HYDROGEL_PACK;XIRECS;10062.0;6
518200;Mark 14;Mark 55;VELVETFRUIT_EXTRACT;XIRECS;5208.0;3
519500;Mark 14;Mark 38;HYDROGEL_PACK;XIRECS;10052.0;6
519700;Mark 14;Mark 38;HYDROGEL_PACK;XIRECS;10053.0;6
519700;Mark 55;Mark 14;VELVETFRUIT_EXTRACT;XIRECS;5206.0;8
521700;Mark 55;Mark 01;VELVETFRUIT_EXTRACT;XIRECS;5207.0;5
522900;Mark 55;Mark 14;VELVETFRUIT_EXTRACT;XIRECS;5211.0;8
523200;Mark 55;Mark 01;VELVETFRUIT_EXTRACT;XIRECS;5209.0;5
524000;Mark 01;Mark 22;VEV_5200;XIRECS;57.0;2
524000;Mark 01;Mark 22;VEV_5300;XIRECS;21.0;2
524000;Mark 01;Mark 22;VEV_5400;XIRECS;4.0;2
524000;Mark 01;Mark 22;VEV_5500;XIRECS;1.0;2
524000;Mark 01;Mark 22;VEV_6000;XIRECS;0.0;2
524000;Mark 01;Mark 22;VEV_6500;XIRECS;0.0;2
524900;Mark 01;Mark 55;VELVETFRUIT_EXTRACT;XIRECS;5201.0;8
527400;Mark 38;Mark 14;HYDROGEL_PACK;XIRECS;10045.0;3
528200;Mark 55;Mark 01;VELVETFRUIT_EXTRACT;XIRECS;5205.0;4
529600;Mark 14;Mark 22;VEV_5300;XIRECS;20.0;2
529600;Mark 01;Mark 22;VEV_5400;XIRECS;4.0;2
529600;Mark 01;Mark 22;VEV_5500;XIRECS;0.0;2
529600;Mark 01;Mark 22;VEV_6000;XIRECS;0.0;2
529600;Mark 01;Mark 22;VEV_6500;XIRECS;0.0;2
530300;Mark 01;Mark 55;VELVETFRUIT_EXTRACT;XIRECS;5197.0;4
531500;Mark 01;Mark 22;VEV_5300;XIRECS;20.0;2
531500;Mark 01;Mark 22;VEV_5400;XIRECS;4.0;2
531500;Mark 01;Mark 22;VEV_5500;XIRECS;0.0;2
531500;Mark 01;Mark 22;VEV_6000;XIRECS;0.0;2
531500;Mark 01;Mark 22;VEV_6500;XIRECS;0.0;2
531800;Mark 38;Mark 14;HYDROGEL_PACK;XIRECS;10052.0;3
532400;Mark 01;Mark 55;VELVETFRUIT_EXTRACT;XIRECS;5197.0;4
532800;Mark 55;Mark 14;VELVETFRUIT_EXTRACT;XIRECS;5201.0;7
533800;Mark 38;Mark 14;HYDROGEL_PACK;XIRECS;10029.0;5
534000;Mark 55;Mark 01;VELVETFRUIT_EXTRACT;XIRECS;5196.0;4
534000;Mark 38;Mark 14;VEV_4000;XIRECS;1203.0;2
534700;Mark 14;Mark 55;VELVETFRUIT_EXTRACT;XIRECS;5190.0;5
534900;Mark 14;Mark 38;VEV_4000;XIRECS;1182.0;3
535400;Mark 01;Mark 22;VEV_5300;XIRECS;18.0;3
535400;Mark 01;Mark 22;VEV_5400;XIRECS;3.0;3
535400;Mark 01;Mark 22;VEV_5500;XIRECS;0.0;3
535400;Mark 01;Mark 22;VEV_6000;XIRECS;0.0;3
535400;Mark 01;Mark 22;VEV_6500;XIRECS;0.0;3
535600;Mark 14;Mark 38;VEV_4000;XIRECS;1184.0;2
535900;Mark 01;Mark 22;VEV_5200;XIRECS;52.0;3
535900;Mark 01;Mark 22;VEV_5300;XIRECS;18.0;3
535900;Mark 01;Mark 22;VEV_5400;XIRECS;3.0;3
535900;Mark 01;Mark 22;VEV_5500;XIRECS;0.0;3
535900;Mark 01;Mark 22;VEV_6000;XIRECS;0.0;3
535900;Mark 01;Mark 22;VEV_6500;XIRECS;0.0;3
536400;Mark 14;Mark 38;HYDROGEL_PACK;XIRECS;10019.0;6
539800;Mark 55;Mark 01;VELVETFRUIT_EXTRACT;XIRECS;5204.0;3
540200;Mark 22;Mark 55;VELVETFRUIT_EXTRACT;XIRECS;5200.0;3
540300;Mark 38;Mark 14;HYDROGEL_PACK;XIRECS;10009.0;4
541100;Mark 22;Mark 38;HYDROGEL_PACK;XIRECS;10002.0;6
542500;Mark 14;Mark 38;HYDROGEL_PACK;XIRECS;9995.0;3
544900;Mark 14;Mark 38;HYDROGEL_PACK;XIRECS;10000.0;6
545400;Mark 14;Mark 55;VELVETFRUIT_EXTRACT;XIRECS;5200.0;5
547000;Mark 14;Mark 38;VEV_4000;XIRECS;1195.0;1
547600;Mark 55;Mark 01;VELVETFRUIT_EXTRACT;XIRECS;5210.0;4
547600;Mark 01;Mark 22;VEV_5400;XIRECS;4.0;4
547600;Mark 01;Mark 22;VEV_5500;XIRECS;1.0;4
547600;Mark 01;Mark 22;VEV_6000;XIRECS;0.0;4
547600;Mark 01;Mark 22;VEV_6500;XIRECS;0.0;4
551600;Mark 01;Mark 22;VEV_5300;XIRECS;23.0;4
551600;Mark 01;Mark 22;VEV_5500;XIRECS;1.0;4
551600;Mark 01;Mark 22;VEV_6000;XIRECS;0.0;4
551600;Mark 01;Mark 22;VEV_6500;XIRECS;0.0;4
551800;Mark 14;Mark 38;HYDROGEL_PACK;XIRECS;9995.0;2
552500;Mark 14;Mark 55;VELVETFRUIT_EXTRACT;XIRECS;5214.0;8
552700;Mark 14;Mark 38;VEV_4000;XIRECS;1206.0;3
553500;Mark 14;Mark 38;VEV_4000;XIRECS;1207.0;1
554500;Mark 55;Mark 14;VELVETFRUIT_EXTRACT;XIRECS;5223.0;3
555100;Mark 14;Mark 22;VEV_5200;XIRECS;67.0;5
555100;Mark 01;Mark 22;VEV_5300;XIRECS;26.0;5
555100;Mark 01;Mark 22;VEV_5400;XIRECS;5.0;5
555100;Mark 01;Mark 22;VEV_5500;XIRECS;1.0;5
555100;Mark 01;Mark 22;VEV_6000;XIRECS;0.0;5
555100;Mark 01;Mark 22;VEV_6500;XIRECS;0.0;5
555200;Mark 14;Mark 55;VELVETFRUIT_EXTRACT;XIRECS;5222.0;6
555500;Mark 38;Mark 14;HYDROGEL_PACK;XIRECS;10006.0;5
556400;Mark 01;Mark 22;VEV_5400;XIRECS;5.0;5
556400;Mark 01;Mark 22;VEV_5500;XIRECS;1.0;5
556400;Mark 01;Mark 22;VEV_6000;XIRECS;0.0;5
556400;Mark 01;Mark 22;VEV_6500;XIRECS;0.0;5
558600;Mark 38;Mark 14;VEV_4000;XIRECS;1229.0;2
559400;Mark 01;Mark 55;VELVETFRUIT_EXTRACT;XIRECS;5214.0;3
560300;Mark 55;Mark 14;VELVETFRUIT_EXTRACT;XIRECS;5220.0;4
560900;Mark 67;Mark 22;VELVETFRUIT_EXTRACT;XIRECS;5214.0;9
561000;Mark 01;Mark 55;VELVETFRUIT_EXTRACT;XIRECS;5212.0;6
562200;Mark 55;Mark 14;VELVETFRUIT_EXTRACT;XIRECS;5220.0;8
562500;Mark 55;Mark 01;VELVETFRUIT_EXTRACT;XIRECS;5222.0;7
562900;Mark 55;Mark 01;VELVETFRUIT_EXTRACT;XIRECS;5224.0;3
565100;Mark 55;Mark 14;VELVETFRUIT_EXTRACT;XIRECS;5229.0;6
565600;Mark 01;Mark 22;VEV_5400;XIRECS;6.0;4
565600;Mark 01;Mark 22;VEV_5500;XIRECS;1.0;4
565600;Mark 01;Mark 22;VEV_6000;XIRECS;0.0;4
565600;Mark 01;Mark 22;VEV_6500;XIRECS;0.0;4
565700;Mark 38;Mark 14;HYDROGEL_PACK;XIRECS;10001.0;4
566100;Mark 01;Mark 55;VELVETFRUIT_EXTRACT;XIRECS;5223.0;4
566500;Mark 38;Mark 14;VEV_4000;XIRECS;1237.0;2
567800;Mark 14;Mark 55;VELVETFRUIT_EXTRACT;XIRECS;5222.0;5
568300;Mark 14;Mark 38;VEV_4000;XIRECS;1218.0;1
569900;Mark 55;Mark 01;VELVETFRUIT_EXTRACT;XIRECS;5228.0;4
570100;Mark 14;Mark 55;VELVETFRUIT_EXTRACT;XIRECS;5224.0;3
572400;Mark 14;Mark 38;VEV_4000;XIRECS;1211.0;3
572800;Mark 22;Mark 55;VELVETFRUIT_EXTRACT;XIRECS;5217.0;6
575300;Mark 49;Mark 22;VELVETFRUIT_EXTRACT;XIRECS;5221.0;7
577200;Mark 14;Mark 38;VEV_4000;XIRECS;1206.0;2
578300;Mark 38;Mark 14;HYDROGEL_PACK;XIRECS;9993.0;5
578300;Mark 55;Mark 01;VELVETFRUIT_EXTRACT;XIRECS;5223.0;8
578400;Mark 01;Mark 55;VELVETFRUIT_EXTRACT;XIRECS;5218.0;3
578500;Mark 14;Mark 38;HYDROGEL_PACK;XIRECS;9978.0;2
579000;Mark 38;Mark 14;VEV_4000;XIRECS;1234.0;3
580600;Mark 01;Mark 22;VEV_5300;XIRECS;25.0;5
580600;Mark 01;Mark 22;VEV_5400;XIRECS;5.0;5
580600;Mark 01;Mark 22;VEV_5500;XIRECS;1.0;5
580600;Mark 01;Mark 22;VEV_6000;XIRECS;0.0;5
580600;Mark 01;Mark 22;VEV_6500;XIRECS;0.0;5
583100;Mark 01;Mark 22;VEV_5400;XIRECS;5.0;2
583100;Mark 01;Mark 22;VEV_5500;XIRECS;1.0;2
583100;Mark 01;Mark 22;VEV_6000;XIRECS;0.0;2
583100;Mark 01;Mark 22;VEV_6500;XIRECS;0.0;2
584300;Mark 01;Mark 22;VEV_5300;XIRECS;24.0;2
584300;Mark 01;Mark 22;VEV_5400;XIRECS;5.0;2
584300;Mark 01;Mark 22;VEV_5500;XIRECS;1.0;2
584300;Mark 01;Mark 22;VEV_6000;XIRECS;0.0;2
584300;Mark 01;Mark 22;VEV_6500;XIRECS;0.0;2
584400;Mark 55;Mark 14;VELVETFRUIT_EXTRACT;XIRECS;5220.0;6
587400;Mark 01;Mark 55;VELVETFRUIT_EXTRACT;XIRECS;5213.0;6
587700;Mark 55;Mark 14;VELVETFRUIT_EXTRACT;XIRECS;5218.0;8
588300;Mark 67;Mark 22;VELVETFRUIT_EXTRACT;XIRECS;5216.0;5
589800;Mark 14;Mark 55;VELVETFRUIT_EXTRACT;XIRECS;5223.0;4
590000;Mark 38;Mark 14;HYDROGEL_PACK;XIRECS;10018.0;4
590500;Mark 14;Mark 38;HYDROGEL_PACK;XIRECS;9993.0;3
591200;Mark 38;Mark 14;HYDROGEL_PACK;XIRECS;10016.0;5
591700;Mark 01;Mark 55;VELVETFRUIT_EXTRACT;XIRECS;5218.0;4
594300;Mark 14;Mark 55;VELVETFRUIT_EXTRACT;XIRECS;5219.0;4
595400;Mark 22;Mark 55;VELVETFRUIT_EXTRACT;XIRECS;5219.0;5
601600;Mark 14;Mark 55;VELVETFRUIT_EXTRACT;XIRECS;5223.0;4
602800;Mark 01;Mark 55;VELVETFRUIT_EXTRACT;XIRECS;5218.0;5
604800;Mark 14;Mark 38;HYDROGEL_PACK;XIRECS;9998.0;5
605800;Mark 01;Mark 55;VELVETFRUIT_EXTRACT;XIRECS;5221.0;4
607100;Mark 14;Mark 38;HYDROGEL_PACK;XIRECS;9998.0;3
607900;Mark 38;Mark 14;HYDROGEL_PACK;XIRECS;10009.0;3
610000;Mark 55;Mark 01;VELVETFRUIT_EXTRACT;XIRECS;5223.0;5
610300;Mark 38;Mark 14;HYDROGEL_PACK;XIRECS;10022.0;5
612700;Mark 01;Mark 22;VEV_5300;XIRECS;27.0;2
612700;Mark 01;Mark 22;VEV_5400;XIRECS;6.0;2
612700;Mark 01;Mark 22;VEV_5500;XIRECS;1.0;2
612700;Mark 01;Mark 22;VEV_6000;XIRECS;0.0;2
612700;Mark 01;Mark 22;VEV_6500;XIRECS;0.0;2
614400;Mark 55;Mark 01;VELVETFRUIT_EXTRACT;XIRECS;5243.0;3
614800;Mark 01;Mark 22;VEV_5400;XIRECS;7.0;2
614800;Mark 01;Mark 22;VEV_5500;XIRECS;1.0;2
614800;Mark 01;Mark 22;VEV_6000;XIRECS;0.0;2
614800;Mark 01;Mark 22;VEV_6500;XIRECS;0.0;2
615400;Mark 38;Mark 14;HYDROGEL_PACK;XIRECS;10015.0;3
616000;Mark 14;Mark 55;VELVETFRUIT_EXTRACT;XIRECS;5230.0;6
616700;Mark 67;Mark 49;VELVETFRUIT_EXTRACT;XIRECS;5230.0;14
618400;Mark 14;Mark 38;VEV_4000;XIRECS;1219.0;2
618500;Mark 14;Mark 38;HYDROGEL_PACK;XIRECS;10007.0;2
620100;Mark 38;Mark 14;HYDROGEL_PACK;XIRECS;10025.0;6
621000;Mark 01;Mark 22;VEV_5400;XIRECS;5.0;5
621000;Mark 01;Mark 22;VEV_5500;XIRECS;1.0;5
621000;Mark 01;Mark 22;VEV_6000;XIRECS;0.0;5
621000;Mark 01;Mark 22;VEV_6500;XIRECS;0.0;5
621500;Mark 38;Mark 14;HYDROGEL_PACK;XIRECS;10020.0;6
621600;Mark 55;Mark 14;VELVETFRUIT_EXTRACT;XIRECS;5221.0;8
622500;Mark 14;Mark 22;VEV_5200;XIRECS;66.0;2
622500;Mark 01;Mark 22;VEV_5300;XIRECS;25.0;2
622500;Mark 01;Mark 22;VEV_5400;XIRECS;5.0;2
622500;Mark 01;Mark 22;VEV_5500;XIRECS;1.0;2
622500;Mark 01;Mark 22;VEV_6000;XIRECS;0.0;2
622500;Mark 01;Mark 22;VEV_6500;XIRECS;0.0;2
624000;Mark 38;Mark 14;HYDROGEL_PACK;XIRECS;10013.0;5
624200;Mark 14;Mark 22;VEV_5200;XIRECS;67.0;5
624200;Mark 01;Mark 22;VEV_5400;XIRECS;5.0;5
624200;Mark 01;Mark 22;VEV_5500;XIRECS;1.0;5
624200;Mark 01;Mark 22;VEV_6000;XIRECS;0.0;5
624200;Mark 01;Mark 22;VEV_6500;XIRECS;0.0;5
624500;Mark 01;Mark 55;VELVETFRUIT_EXTRACT;XIRECS;5221.0;4
624700;Mark 38;Mark 14;VEV_4000;XIRECS;1236.0;3
626300;Mark 14;Mark 55;VELVETFRUIT_EXTRACT;XIRECS;5234.0;5
627700;Mark 01;Mark 22;VEV_5200;XIRECS;76.0;2
627700;Mark 01;Mark 22;VEV_5300;XIRECS;30.0;2
627700;Mark 01;Mark 22;VEV_5400;XIRECS;7.0;2
627700;Mark 01;Mark 22;VEV_6000;XIRECS;0.0;2
627700;Mark 01;Mark 22;VEV_6500;XIRECS;0.0;2
630100;Mark 01;Mark 55;VELVETFRUIT_EXTRACT;XIRECS;5227.0;6
630700;Mark 14;Mark 38;VEV_4000;XIRECS;1222.0;1
630900;Mark 14;Mark 38;HYDROGEL_PACK;XIRECS;9974.0;2
631300;Mark 01;Mark 22;VEV_5300;XIRECS;29.0;5
631300;Mark 01;Mark 22;VEV_5400;XIRECS;6.0;5
631300;Mark 01;Mark 22;VEV_5500;XIRECS;1.0;5
631300;Mark 01;Mark 22;VEV_6000;XIRECS;0.0;5
631300;Mark 01;Mark 22;VEV_6500;XIRECS;0.0;5
631500;Mark 01;Mark 22;VEV_5300;XIRECS;29.0;2
631500;Mark 01;Mark 22;VEV_5400;XIRECS;6.0;2
631500;Mark 01;Mark 22;VEV_5500;XIRECS;1.0;2
631500;Mark 01;Mark 22;VEV_6000;XIRECS;0.0;2
631500;Mark 01;Mark 22;VEV_6500;XIRECS;0.0;2
632400;Mark 55;Mark 14;VELVETFRUIT_EXTRACT;XIRECS;5232.0;4
632500;Mark 01;Mark 55;VELVETFRUIT_EXTRACT;XIRECS;5227.0;4
633200;Mark 55;Mark 14;VELVETFRUIT_EXTRACT;XIRECS;5232.0;3
633800;Mark 38;Mark 14;HYDROGEL_PACK;XIRECS;9989.0;6
634500;Mark 14;Mark 22;VEV_5300;XIRECS;29.0;2
634500;Mark 01;Mark 22;VEV_5400;XIRECS;6.0;2
634500;Mark 01;Mark 22;VEV_5500;XIRECS;1.0;2
634500;Mark 01;Mark 22;VEV_6000;XIRECS;0.0;2
634500;Mark 01;Mark 22;VEV_6500;XIRECS;0.0;2
636600;Mark 55;Mark 14;VELVETFRUIT_EXTRACT;XIRECS;5238.0;7
641800;Mark 14;Mark 38;VEV_4000;XIRECS;1231.0;2
642300;Mark 38;Mark 14;HYDROGEL_PACK;XIRECS;9985.0;5
642500;Mark 01;Mark 22;VEV_5300;XIRECS;32.0;3
642500;Mark 14;Mark 22;VEV_5400;XIRECS;8.0;3
642500;Mark 01;Mark 22;VEV_5500;XIRECS;2.0;3
642500;Mark 01;Mark 22;VEV_6000;XIRECS;0.0;3
642500;Mark 01;Mark 22;VEV_6500;XIRECS;0.0;3
644900;Mark 38;Mark 14;HYDROGEL_PACK;XIRECS;9996.0;4
647400;Mark 38;Mark 14;HYDROGEL_PACK;XIRECS;10001.0;4
647700;Mark 14;Mark 38;HYDROGEL_PACK;XIRECS;9981.0;3
648500;Mark 01;Mark 55;VELVETFRUIT_EXTRACT;XIRECS;5251.0;4
649200;Mark 38;Mark 14;HYDROGEL_PACK;XIRECS;10002.0;3
649500;Mark 55;Mark 14;VELVETFRUIT_EXTRACT;XIRECS;5254.0;8
651100;Mark 38;Mark 14;HYDROGEL_PACK;XIRECS;9996.0;2
653000;Mark 38;Mark 14;HYDROGEL_PACK;XIRECS;9978.0;2
653400;Mark 67;Mark 49;VELVETFRUIT_EXTRACT;XIRECS;5252.0;9
654500;Mark 14;Mark 55;VELVETFRUIT_EXTRACT;XIRECS;5253.0;8
656200;Mark 14;Mark 55;VELVETFRUIT_EXTRACT;XIRECS;5248.0;6
658900;Mark 38;Mark 14;HYDROGEL_PACK;XIRECS;9966.0;6
660300;Mark 38;Mark 14;HYDROGEL_PACK;XIRECS;9960.0;4
662300;Mark 38;Mark 14;HYDROGEL_PACK;XIRECS;9961.0;6
663100;Mark 67;Mark 49;VELVETFRUIT_EXTRACT;XIRECS;5262.0;8
663600;Mark 55;Mark 14;VELVETFRUIT_EXTRACT;XIRECS;5262.0;7
664700;Mark 38;Mark 14;HYDROGEL_PACK;XIRECS;9969.0;4
666300;Mark 14;Mark 38;VEV_4000;XIRECS;1249.0;3
666400;Mark 55;Mark 14;VELVETFRUIT_EXTRACT;XIRECS;5261.0;7
666500;Mark 01;Mark 22;VEV_5400;XIRECS;10.0;3
666500;Mark 01;Mark 22;VEV_5500;XIRECS;2.0;3
666500;Mark 01;Mark 22;VEV_6000;XIRECS;0.0;3
666500;Mark 01;Mark 22;VEV_6500;XIRECS;0.0;3
666700;Mark 01;Mark 22;VEV_5500;XIRECS;2.0;3
666700;Mark 01;Mark 22;VEV_6000;XIRECS;0.0;3
666700;Mark 01;Mark 22;VEV_6500;XIRECS;0.0;3
667100;Mark 14;Mark 38;VEV_4000;XIRECS;1247.0;3
668700;Mark 38;Mark 14;HYDROGEL_PACK;XIRECS;9959.0;3
670700;Mark 38;Mark 14;HYDROGEL_PACK;XIRECS;9969.0;3
671800;Mark 01;Mark 22;VEV_5300;XIRECS;33.0;4
671800;Mark 01;Mark 22;VEV_5400;XIRECS;8.0;4
671800;Mark 01;Mark 22;VEV_5500;XIRECS;2.0;4
671800;Mark 01;Mark 22;VEV_6000;XIRECS;0.0;4
671800;Mark 01;Mark 22;VEV_6500;XIRECS;0.0;4
671900;Mark 01;Mark 22;VEV_5300;XIRECS;33.0;4
671900;Mark 01;Mark 22;VEV_5400;XIRECS;8.0;4
671900;Mark 01;Mark 22;VEV_5500;XIRECS;2.0;4
671900;Mark 01;Mark 22;VEV_6000;XIRECS;0.0;4
671900;Mark 01;Mark 22;VEV_6500;XIRECS;0.0;4
672400;Mark 14;Mark 38;HYDROGEL_PACK;XIRECS;9946.0;3
672800;Mark 14;Mark 38;HYDROGEL_PACK;XIRECS;9941.0;6
676800;Mark 55;Mark 14;VELVETFRUIT_EXTRACT;XIRECS;5255.0;8
677300;Mark 67;Mark 49;VELVETFRUIT_EXTRACT;XIRECS;5251.0;10
678700;Mark 01;Mark 22;VEV_5400;XIRECS;9.0;3
678700;Mark 01;Mark 22;VEV_5500;XIRECS;2.0;3
678700;Mark 01;Mark 22;VEV_6000;XIRECS;0.0;3
678700;Mark 01;Mark 22;VEV_6500;XIRECS;0.0;3
680400;Mark 38;Mark 14;HYDROGEL_PACK;XIRECS;9966.0;6
680500;Mark 38;Mark 14;HYDROGEL_PACK;XIRECS;9965.0;2
682700;Mark 14;Mark 55;VELVETFRUIT_EXTRACT;XIRECS;5245.0;4
684800;Mark 14;Mark 38;HYDROGEL_PACK;XIRECS;9952.0;4
685500;Mark 14;Mark 38;HYDROGEL_PACK;XIRECS;9940.0;3
686200;Mark 38;Mark 14;VEV_4000;XIRECS;1255.0;3
686400;Mark 38;Mark 14;HYDROGEL_PACK;XIRECS;9961.0;5
686800;Mark 55;Mark 14;VELVETFRUIT_EXTRACT;XIRECS;5249.0;4
687600;Mark 14;Mark 55;VELVETFRUIT_EXTRACT;XIRECS;5244.0;3
688300;Mark 01;Mark 55;VELVETFRUIT_EXTRACT;XIRECS;5240.0;4
688400;Mark 14;Mark 38;HYDROGEL_PACK;XIRECS;9946.0;6
689300;Mark 14;Mark 55;VELVETFRUIT_EXTRACT;XIRECS;5238.0;4
689900;Mark 01;Mark 22;VEV_5300;XIRECS;30.0;5
689900;Mark 01;Mark 22;VEV_5400;XIRECS;7.0;5
689900;Mark 01;Mark 22;VEV_5500;XIRECS;2.0;5
689900;Mark 01;Mark 22;VEV_6000;XIRECS;0.0;5
689900;Mark 01;Mark 22;VEV_6500;XIRECS;0.0;5
690000;Mark 01;Mark 55;VELVETFRUIT_EXTRACT;XIRECS;5238.0;6
692900;Mark 14;Mark 38;HYDROGEL_PACK;XIRECS;9946.0;2
694500;Mark 38;Mark 14;HYDROGEL_PACK;XIRECS;9971.0;5
698600;Mark 14;Mark 38;HYDROGEL_PACK;XIRECS;9958.0;2
699000;Mark 14;Mark 38;VEV_4000;XIRECS;1235.0;1
699400;Mark 14;Mark 38;HYDROGEL_PACK;XIRECS;9962.0;4
699400;Mark 14;Mark 22;VEV_5200;XIRECS;80.0;4
699400;Mark 01;Mark 22;VEV_5300;XIRECS;32.0;4
699400;Mark 01;Mark 22;VEV_5400;XIRECS;8.0;4
699400;Mark 01;Mark 22;VEV_5500;XIRECS;2.0;4
699400;Mark 01;Mark 22;VEV_6000;XIRECS;0.0;4
699400;Mark 01;Mark 22;VEV_6500;XIRECS;0.0;4
700300;Mark 14;Mark 22;VEV_5300;XIRECS;32.0;4
700300;Mark 01;Mark 22;VEV_5400;XIRECS;8.0;4
700300;Mark 01;Mark 22;VEV_5500;XIRECS;2.0;4
700300;Mark 01;Mark 22;VEV_6000;XIRECS;0.0;4
700300;Mark 01;Mark 22;VEV_6500;XIRECS;0.0;4
700600;Mark 67;Mark 49;VELVETFRUIT_EXTRACT;XIRECS;5243.0;14
701000;Mark 67;Mark 49;VELVETFRUIT_EXTRACT;XIRECS;5245.0;9
702400;Mark 38;Mark 14;VEV_4000;XIRECS;1255.0;2
702500;Mark 55;Mark 14;VELVETFRUIT_EXTRACT;XIRECS;5247.0;4
705400;Mark 14;Mark 22;VEV_5200;XIRECS;80.0;2
705400;Mark 01;Mark 22;VEV_5300;XIRECS;32.0;2
705400;Mark 01;Mark 22;VEV_5400;XIRECS;8.0;2
705400;Mark 01;Mark 22;VEV_5500;XIRECS;2.0;2
705400;Mark 01;Mark 22;VEV_6000;XIRECS;0.0;2
705400;Mark 01;Mark 22;VEV_6500;XIRECS;0.0;2
707000;Mark 14;Mark 38;VEV_4000;XIRECS;1234.0;1
707500;Mark 01;Mark 55;VELVETFRUIT_EXTRACT;XIRECS;5244.0;6
707800;Mark 67;Mark 49;VELVETFRUIT_EXTRACT;XIRECS;5247.0;14
708400;Mark 38;Mark 14;VEV_4000;XIRECS;1267.0;1
708800;Mark 01;Mark 22;VEV_5300;XIRECS;34.0;5
708800;Mark 01;Mark 22;VEV_5400;XIRECS;9.0;5
708800;Mark 01;Mark 22;VEV_5500;XIRECS;2.0;5
708800;Mark 01;Mark 22;VEV_6000;XIRECS;0.0;5
708800;Mark 01;Mark 22;VEV_6500;XIRECS;0.0;5
711300;Mark 55;Mark 01;VELVETFRUIT_EXTRACT;XIRECS;5266.0;7
713700;Mark 38;Mark 14;HYDROGEL_PACK;XIRECS;9970.0;3
714200;Mark 38;Mark 14;HYDROGEL_PACK;XIRECS;9973.0;4
714400;Mark 38;Mark 14;VEV_4000;XIRECS;1272.0;1
715600;Mark 55;Mark 14;VELVETFRUIT_EXTRACT;XIRECS;5262.0;3
718600;Mark 67;Mark 49;VELVETFRUIT_EXTRACT;XIRECS;5257.0;12
719500;Mark 14;Mark 38;HYDROGEL_PACK;XIRECS;9941.0;6
720000;Mark 67;Mark 49;VELVETFRUIT_EXTRACT;XIRECS;5258.0;8
720500;Mark 38;Mark 14;HYDROGEL_PACK;XIRECS;9969.0;2
723100;Mark 55;Mark 14;VELVETFRUIT_EXTRACT;XIRECS;5259.0;3
723700;Mark 14;Mark 55;VELVETFRUIT_EXTRACT;XIRECS;5255.0;6
726100;Mark 55;Mark 01;VELVETFRUIT_EXTRACT;XIRECS;5259.0;5
726300;Mark 55;Mark 14;VELVETFRUIT_EXTRACT;XIRECS;5259.0;3
726500;Mark 55;Mark 14;VELVETFRUIT_EXTRACT;XIRECS;5258.0;3
726600;Mark 14;Mark 55;VELVETFRUIT_EXTRACT;XIRECS;5253.0;3
727000;Mark 55;Mark 01;VELVETFRUIT_EXTRACT;XIRECS;5259.0;3
727700;Mark 38;Mark 14;HYDROGEL_PACK;XIRECS;9964.0;4
728200;Mark 55;Mark 14;VELVETFRUIT_EXTRACT;XIRECS;5259.0;8
728400;Mark 38;Mark 14;HYDROGEL_PACK;XIRECS;9960.0;2
728500;Mark 14;Mark 22;VEV_5300;XIRECS;36.0;2
728500;Mark 01;Mark 22;VEV_5400;XIRECS;9.0;2
728500;Mark 01;Mark 22;VEV_5500;XIRECS;2.0;2
728500;Mark 01;Mark 22;VEV_6000;XIRECS;0.0;2
728500;Mark 01;Mark 22;VEV_6500;XIRECS;0.0;2
729000;Mark 14;Mark 55;VELVETFRUIT_EXTRACT;XIRECS;5254.0;6
730000;Mark 01;Mark 22;VEV_5300;XIRECS;36.0;2
730000;Mark 01;Mark 22;VEV_5400;XIRECS;9.0;2
730000;Mark 01;Mark 22;VEV_5500;XIRECS;2.0;2
730000;Mark 01;Mark 22;VEV_6000;XIRECS;0.0;2
730000;Mark 01;Mark 22;VEV_6500;XIRECS;0.0;2
730900;Mark 38;Mark 14;HYDROGEL_PACK;XIRECS;9960.0;6
731400;Mark 14;Mark 55;VELVETFRUIT_EXTRACT;XIRECS;5247.0;4
732900;Mark 38;Mark 14;VEV_4000;XIRECS;1261.0;1
733000;Mark 14;Mark 38;HYDROGEL_PACK;XIRECS;9945.0;4
733100;Mark 14;Mark 38;HYDROGEL_PACK;XIRECS;9945.0;3
734000;Mark 14;Mark 38;VEV_4000;XIRECS;1241.0;2
734200;Mark 14;Mark 38;VEV_4000;XIRECS;1240.0;2
735900;Mark 38;Mark 14;HYDROGEL_PACK;XIRECS;9961.0;6
736500;Mark 14;Mark 38;HYDROGEL_PACK;XIRECS;9943.0;5
740800;Mark 55;Mark 14;VELVETFRUIT_EXTRACT;XIRECS;5242.0;7
740900;Mark 14;Mark 55;VELVETFRUIT_EXTRACT;XIRECS;5236.0;4
741100;Mark 01;Mark 22;VEV_5300;XIRECS;29.0;2
741100;Mark 01;Mark 22;VEV_5400;XIRECS;7.0;2
741100;Mark 01;Mark 22;VEV_5500;XIRECS;1.0;2
741100;Mark 01;Mark 22;VEV_6000;XIRECS;0.0;2
741100;Mark 01;Mark 22;VEV_6500;XIRECS;0.0;2
741600;Mark 14;Mark 38;HYDROGEL_PACK;XIRECS;9946.0;2
741800;Mark 14;Mark 38;HYDROGEL_PACK;XIRECS;9945.0;6
742000;Mark 38;Mark 14;HYDROGEL_PACK;XIRECS;9960.0;2
742300;Mark 14;Mark 55;VELVETFRUIT_EXTRACT;XIRECS;5240.0;3
743900;Mark 38;Mark 14;VEV_4000;XIRECS;1251.0;2
744800;Mark 14;Mark 55;VELVETFRUIT_EXTRACT;XIRECS;5242.0;4
746000;Mark 01;Mark 55;VELVETFRUIT_EXTRACT;XIRECS;5240.0;4
746600;Mark 14;Mark 55;VELVETFRUIT_EXTRACT;XIRECS;5236.0;5
747600;Mark 14;Mark 38;HYDROGEL_PACK;XIRECS;9955.0;3
750700;Mark 55;Mark 14;VELVETFRUIT_EXTRACT;XIRECS;5234.0;3
751500;Mark 14;Mark 55;VELVETFRUIT_EXTRACT;XIRECS;5225.0;7
751700;Mark 14;Mark 55;VELVETFRUIT_EXTRACT;XIRECS;5225.0;7
752300;Mark 38;Mark 14;VEV_4000;XIRECS;1237.0;2
752700;Mark 38;Mark 14;HYDROGEL_PACK;XIRECS;9971.0;5
753400;Mark 67;Mark 22;VELVETFRUIT_EXTRACT;XIRECS;5228.0;9
753700;Mark 01;Mark 22;VEV_5300;XIRECS;27.0;3
753700;Mark 01;Mark 22;VEV_5400;XIRECS;6.0;3
753700;Mark 01;Mark 22;VEV_5500;XIRECS;1.0;3
753700;Mark 01;Mark 22;VEV_6000;XIRECS;0.0;3
753700;Mark 01;Mark 22;VEV_6500;XIRECS;0.0;3
755400;Mark 67;Mark 49;VELVETFRUIT_EXTRACT;XIRECS;5231.0;8
755700;Mark 55;Mark 14;VELVETFRUIT_EXTRACT;XIRECS;5235.0;3
756900;Mark 14;Mark 55;VELVETFRUIT_EXTRACT;XIRECS;5235.0;7
757100;Mark 55;Mark 14;VELVETFRUIT_EXTRACT;XIRECS;5240.0;6
758700;Mark 55;Mark 01;VELVETFRUIT_EXTRACT;XIRECS;5238.0;8
759300;Mark 01;Mark 55;VELVETFRUIT_EXTRACT;XIRECS;5229.0;8
759500;Mark 14;Mark 55;VELVETFRUIT_EXTRACT;XIRECS;5226.0;5
759800;Mark 38;Mark 14;HYDROGEL_PACK;XIRECS;9980.0;6
759800;Mark 01;Mark 55;VELVETFRUIT_EXTRACT;XIRECS;5226.0;4
761200;Mark 14;Mark 55;VELVETFRUIT_EXTRACT;XIRECS;5225.0;7
761400;Mark 55;Mark 14;VELVETFRUIT_EXTRACT;XIRECS;5227.0;7
762800;Mark 55;Mark 01;VELVETFRUIT_EXTRACT;XIRECS;5226.0;5
763700;Mark 01;Mark 55;VELVETFRUIT_EXTRACT;XIRECS;5219.0;3
766900;Mark 01;Mark 22;VEV_5400;XIRECS;6.0;2
766900;Mark 01;Mark 22;VEV_5500;XIRECS;1.0;2
766900;Mark 01;Mark 22;VEV_6000;XIRECS;0.0;2
766900;Mark 01;Mark 22;VEV_6500;XIRECS;0.0;2
769000;Mark 55;Mark 01;VELVETFRUIT_EXTRACT;XIRECS;5238.0;6
769200;Mark 67;Mark 49;VELVETFRUIT_EXTRACT;XIRECS;5234.0;9
770100;Mark 38;Mark 14;HYDROGEL_PACK;XIRECS;9985.0;3
771100;Mark 55;Mark 14;VELVETFRUIT_EXTRACT;XIRECS;5238.0;4
771200;Mark 55;Mark 14;VELVETFRUIT_EXTRACT;XIRECS;5238.0;6
772800;Mark 38;Mark 14;VEV_4000;XIRECS;1238.0;3
773400;Mark 01;Mark 55;VELVETFRUIT_EXTRACT;XIRECS;5227.0;6
776400;Mark 14;Mark 38;HYDROGEL_PACK;XIRECS;9967.0;6
776400;Mark 14;Mark 55;VELVETFRUIT_EXTRACT;XIRECS;5230.0;3
776900;Mark 38;Mark 14;HYDROGEL_PACK;XIRECS;9975.0;4
777100;Mark 14;Mark 55;VELVETFRUIT_EXTRACT;XIRECS;5229.0;4
777600;Mark 01;Mark 22;VEV_5200;XIRECS;69.0;5
777600;Mark 14;Mark 22;VEV_5400;XIRECS;6.0;5
777600;Mark 01;Mark 22;VEV_5500;XIRECS;1.0;5
777600;Mark 01;Mark 22;VEV_6000;XIRECS;0.0;5
777600;Mark 01;Mark 22;VEV_6500;XIRECS;0.0;5
779300;Mark 55;Mark 14;VELVETFRUIT_EXTRACT;XIRECS;5234.0;7
779900;Mark 14;Mark 55;VELVETFRUIT_EXTRACT;XIRECS;5229.0;8
780000;Mark 14;Mark 38;VEV_4000;XIRECS;1223.0;1
780500;Mark 55;Mark 14;VELVETFRUIT_EXTRACT;XIRECS;5237.0;8
781600;Mark 55;Mark 14;VELVETFRUIT_EXTRACT;XIRECS;5238.0;5
782500;Mark 55;Mark 14;VELVETFRUIT_EXTRACT;XIRECS;5239.0;8
783500;Mark 55;Mark 14;VELVETFRUIT_EXTRACT;XIRECS;5245.0;8
783800;Mark 22;Mark 38;HYDROGEL_PACK;XIRECS;9965.0;5
784100;Mark 01;Mark 22;VEV_5400;XIRECS;7.0;3
784100;Mark 01;Mark 22;VEV_5500;XIRECS;1.0;3
784100;Mark 01;Mark 22;VEV_6000;XIRECS;0.0;3
784100;Mark 01;Mark 22;VEV_6500;XIRECS;0.0;3
785000;Mark 38;Mark 14;HYDROGEL_PACK;XIRECS;9978.0;3
785100;Mark 55;Mark 14;VELVETFRUIT_EXTRACT;XIRECS;5245.0;5
785100;Mark 01;Mark 22;VEV_5300;XIRECS;31.0;2
785100;Mark 01;Mark 22;VEV_5400;XIRECS;7.0;2
785100;Mark 01;Mark 22;VEV_6000;XIRECS;0.0;2
785100;Mark 01;Mark 22;VEV_6500;XIRECS;0.0;2
785200;Mark 01;Mark 55;VELVETFRUIT_EXTRACT;XIRECS;5240.0;4
786800;Mark 01;Mark 55;VELVETFRUIT_EXTRACT;XIRECS;5244.0;5
787700;Mark 55;Mark 01;VELVETFRUIT_EXTRACT;XIRECS;5252.0;6
788300;Mark 01;Mark 22;VEV_5400;XIRECS;8.0;4
788300;Mark 01;Mark 22;VEV_5500;XIRECS;2.0;4
788300;Mark 01;Mark 22;VEV_6000;XIRECS;0.0;4
788300;Mark 01;Mark 22;VEV_6500;XIRECS;0.0;4
789300;Mark 14;Mark 38;VEV_4000;XIRECS;1241.0;1
789500;Mark 14;Mark 38;HYDROGEL_PACK;XIRECS;9953.0;2
791400;Mark 14;Mark 38;HYDROGEL_PACK;XIRECS;9948.0;5
791800;Mark 38;Mark 14;HYDROGEL_PACK;XIRECS;9963.0;5
792400;Mark 38;Mark 14;VEV_4000;XIRECS;1260.0;3
792900;Mark 14;Mark 38;VEV_4000;XIRECS;1239.0;2
793100;Mark 01;Mark 22;VEV_5300;XIRECS;32.0;2
793100;Mark 01;Mark 22;VEV_5500;XIRECS;2.0;2
793100;Mark 01;Mark 22;VEV_6000;XIRECS;0.0;2
793100;Mark 01;Mark 22;VEV_6500;XIRECS;0.0;2
793200;Mark 14;Mark 38;HYDROGEL_PACK;XIRECS;9948.0;6
793700;Mark 55;Mark 14;VELVETFRUIT_EXTRACT;XIRECS;5250.0;8
795000;Mark 14;Mark 38;HYDROGEL_PACK;XIRECS;9960.0;4
797100;Mark 14;Mark 38;VEV_4000;XIRECS;1240.0;3
797600;Mark 38;Mark 14;HYDROGEL_PACK;XIRECS;9955.0;2
801400;Mark 55;Mark 01;VELVETFRUIT_EXTRACT;XIRECS;5247.0;4
801700;Mark 38;Mark 14;HYDROGEL_PACK;XIRECS;9983.0;2
802100;Mark 38;Mark 14;HYDROGEL_PACK;XIRECS;9984.0;6
804500;Mark 14;Mark 38;VEV_4000;XIRECS;1242.0;2
804700;Mark 14;Mark 38;HYDROGEL_PACK;XIRECS;9956.0;4
804800;Mark 01;Mark 55;VELVETFRUIT_EXTRACT;XIRECS;5251.0;5
805800;Mark 14;Mark 38;HYDROGEL_PACK;XIRECS;9959.0;3
807000;Mark 55;Mark 14;VELVETFRUIT_EXTRACT;XIRECS;5264.0;7
807100;Mark 55;Mark 01;VELVETFRUIT_EXTRACT;XIRECS;5263.0;6
807400;Mark 55;Mark 14;VELVETFRUIT_EXTRACT;XIRECS;5262.0;5
807400;Mark 01;Mark 22;VEV_5400;XIRECS;9.0;2
807400;Mark 01;Mark 22;VEV_5500;XIRECS;2.0;2
807400;Mark 01;Mark 22;VEV_6000;XIRECS;0.0;2
807400;Mark 01;Mark 22;VEV_6500;XIRECS;0.0;2
809100;Mark 55;Mark 01;VELVETFRUIT_EXTRACT;XIRECS;5262.0;8
810000;Mark 01;Mark 55;VELVETFRUIT_EXTRACT;XIRECS;5258.0;4
810500;Mark 22;Mark 49;VELVETFRUIT_EXTRACT;XIRECS;5259.0;10
810500;Mark 67;Mark 49;VELVETFRUIT_EXTRACT;XIRECS;5258.0;2
811100;Mark 38;Mark 14;VEV_4000;XIRECS;1272.0;2
812400;Mark 01;Mark 55;VELVETFRUIT_EXTRACT;XIRECS;5261.0;4
812600;Mark 14;Mark 38;VEV_4000;XIRECS;1254.0;2
812800;Mark 14;Mark 38;HYDROGEL_PACK;XIRECS;9955.0;2
813400;Mark 01;Mark 55;VELVETFRUIT_EXTRACT;XIRECS;5265.0;3
813500;Mark 14;Mark 38;HYDROGEL_PACK;XIRECS;9951.0;6
813800;Mark 55;Mark 14;VELVETFRUIT_EXTRACT;XIRECS;5272.0;4
816100;Mark 14;Mark 55;VELVETFRUIT_EXTRACT;XIRECS;5255.0;6
816300;Mark 38;Mark 14;HYDROGEL_PACK;XIRECS;9972.0;2
816500;Mark 14;Mark 38;VEV_4000;XIRECS;1246.0;1
816700;Mark 38;Mark 14;HYDROGEL_PACK;XIRECS;9963.0;6
820200;Mark 01;Mark 22;VEV_5300;XIRECS;34.0;5
820200;Mark 01;Mark 22;VEV_5400;XIRECS;8.0;5
820200;Mark 01;Mark 22;VEV_5500;XIRECS;2.0;5
820200;Mark 01;Mark 22;VEV_6000;XIRECS;0.0;5
820200;Mark 01;Mark 22;VEV_6500;XIRECS;0.0;5
823700;Mark 55;Mark 14;VELVETFRUIT_EXTRACT;XIRECS;5248.0;6
826200;Mark 14;Mark 22;VEV_5200;XIRECS;81.0;5
826200;Mark 01;Mark 22;VEV_5400;XIRECS;8.0;5
826200;Mark 01;Mark 22;VEV_5500;XIRECS;2.0;5
826200;Mark 01;Mark 22;VEV_6000;XIRECS;0.0;5
826200;Mark 01;Mark 22;VEV_6500;XIRECS;0.0;5
828200;Mark 01;Mark 55;VELVETFRUIT_EXTRACT;XIRECS;5246.0;6
828300;Mark 14;Mark 38;HYDROGEL_PACK;XIRECS;9974.0;5
829000;Mark 14;Mark 55;VELVETFRUIT_EXTRACT;XIRECS;5242.0;6
832500;Mark 55;Mark 14;VELVETFRUIT_EXTRACT;XIRECS;5245.0;4
833000;Mark 01;Mark 55;VELVETFRUIT_EXTRACT;XIRECS;5237.0;8
834400;Mark 14;Mark 22;VEV_5200;XIRECS;75.0;5
834400;Mark 01;Mark 22;VEV_5300;XIRECS;29.0;5
834400;Mark 01;Mark 22;VEV_5400;XIRECS;7.0;5
834400;Mark 01;Mark 22;VEV_5500;XIRECS;1.0;5
834400;Mark 01;Mark 22;VEV_6000;XIRECS;0.0;5
834400;Mark 01;Mark 22;VEV_6500;XIRECS;0.0;5
835500;Mark 55;Mark 01;VELVETFRUIT_EXTRACT;XIRECS;5238.0;6
836000;Mark 14;Mark 38;HYDROGEL_PACK;XIRECS;10002.0;2
837100;Mark 55;Mark 01;VELVETFRUIT_EXTRACT;XIRECS;5243.0;3
837500;Mark 01;Mark 22;VEV_5400;XIRECS;7.0;3
837500;Mark 01;Mark 22;VEV_5500;XIRECS;1.0;3
837500;Mark 01;Mark 22;VEV_6000;XIRECS;0.0;3
837500;Mark 01;Mark 22;VEV_6500;XIRECS;0.0;3
837800;Mark 14;Mark 38;HYDROGEL_PACK;XIRECS;10011.0;6
838300;Mark 14;Mark 38;HYDROGEL_PACK;XIRECS;10016.0;6
839000;Mark 14;Mark 55;VELVETFRUIT_EXTRACT;XIRECS;5239.0;7
839200;Mark 55;Mark 01;VELVETFRUIT_EXTRACT;XIRECS;5246.0;3
839800;Mark 14;Mark 22;VEV_5200;XIRECS;76.0;3
839800;Mark 01;Mark 22;VEV_5400;XIRECS;7.0;3
839800;Mark 01;Mark 22;VEV_5500;XIRECS;1.0;3
839800;Mark 01;Mark 22;VEV_6000;XIRECS;0.0;3
839800;Mark 01;Mark 22;VEV_6500;XIRECS;0.0;3
840500;Mark 55;Mark 14;VELVETFRUIT_EXTRACT;XIRECS;5241.0;4
840800;Mark 14;Mark 38;VEV_4000;XIRECS;1228.0;1
842200;Mark 01;Mark 22;VEV_5400;XIRECS;6.0;3
842200;Mark 01;Mark 22;VEV_5500;XIRECS;1.0;3
842200;Mark 01;Mark 22;VEV_6000;XIRECS;0.0;3
842200;Mark 01;Mark 22;VEV_6500;XIRECS;0.0;3
842400;Mark 55;Mark 14;VELVETFRUIT_EXTRACT;XIRECS;5239.0;8
843500;Mark 55;Mark 49;VELVETFRUIT_EXTRACT;XIRECS;5238.0;7
845100;Mark 14;Mark 38;VEV_4000;XIRECS;1232.0;3
846000;Mark 14;Mark 55;VELVETFRUIT_EXTRACT;XIRECS;5237.0;6
847100;Mark 14;Mark 38;HYDROGEL_PACK;XIRECS;10008.0;2
847200;Mark 55;Mark 01;VELVETFRUIT_EXTRACT;XIRECS;5245.0;7
851100;Mark 38;Mark 14;VEV_4000;XIRECS;1254.0;1
852100;Mark 55;Mark 14;VELVETFRUIT_EXTRACT;XIRECS;5246.0;4
852100;Mark 38;Mark 14;VEV_4000;XIRECS;1254.0;1
857500;Mark 38;Mark 14;VEV_4000;XIRECS;1258.0;1
858600;Mark 38;Mark 14;HYDROGEL_PACK;XIRECS;10022.0;3
860900;Mark 01;Mark 55;VELVETFRUIT_EXTRACT;XIRECS;5233.0;3
861400;Mark 01;Mark 55;VELVETFRUIT_EXTRACT;XIRECS;5236.0;7
861900;Mark 14;Mark 38;VEV_4000;XIRECS;1228.0;2
863700;Mark 55;Mark 49;VELVETFRUIT_EXTRACT;XIRECS;5230.0;7
864100;Mark 01;Mark 22;VEV_5300;XIRECS;26.0;2
864100;Mark 01;Mark 22;VEV_5400;XIRECS;6.0;2
864100;Mark 01;Mark 22;VEV_5500;XIRECS;1.0;2
864100;Mark 01;Mark 22;VEV_6000;XIRECS;0.0;2
864100;Mark 01;Mark 22;VEV_6500;XIRECS;0.0;2
864700;Mark 14;Mark 55;VELVETFRUIT_EXTRACT;XIRECS;5229.0;7
866600;Mark 14;Mark 38;HYDROGEL_PACK;XIRECS;10010.0;5
868200;Mark 14;Mark 55;VELVETFRUIT_EXTRACT;XIRECS;5233.0;3
868300;Mark 01;Mark 22;VEV_5300;XIRECS;27.0;2
868300;Mark 01;Mark 22;VEV_5400;XIRECS;6.0;2
868300;Mark 01;Mark 22;VEV_5500;XIRECS;1.0;2
868300;Mark 01;Mark 22;VEV_6000;XIRECS;0.0;2
868300;Mark 01;Mark 22;VEV_6500;XIRECS;0.0;2
868400;Mark 14;Mark 55;VELVETFRUIT_EXTRACT;XIRECS;5233.0;6
868600;Mark 55;Mark 01;VELVETFRUIT_EXTRACT;XIRECS;5239.0;3
868700;Mark 14;Mark 38;HYDROGEL_PACK;XIRECS;10003.0;3
869600;Mark 14;Mark 38;HYDROGEL_PACK;XIRECS;10007.0;6
872200;Mark 38;Mark 14;HYDROGEL_PACK;XIRECS;10017.0;3
873400;Mark 67;Mark 49;VELVETFRUIT_EXTRACT;XIRECS;5235.0;8
875200;Mark 38;Mark 14;HYDROGEL_PACK;XIRECS;9998.0;5
875600;Mark 55;Mark 14;VELVETFRUIT_EXTRACT;XIRECS;5240.0;5
876300;Mark 01;Mark 55;VELVETFRUIT_EXTRACT;XIRECS;5237.0;6
877100;Mark 55;Mark 01;VELVETFRUIT_EXTRACT;XIRECS;5242.0;7
877200;Mark 38;Mark 14;VEV_4000;XIRECS;1249.0;3
877500;Mark 14;Mark 38;VEV_4000;XIRECS;1227.0;3
877600;Mark 55;Mark 14;VELVETFRUIT_EXTRACT;XIRECS;5240.0;7
877600;Mark 14;Mark 22;VEV_5200;XIRECS;73.0;5
877600;Mark 01;Mark 22;VEV_5300;XIRECS;28.0;5
877600;Mark 01;Mark 22;VEV_5400;XIRECS;6.0;5
877600;Mark 01;Mark 22;VEV_5500;XIRECS;1.0;5
877600;Mark 01;Mark 22;VEV_6000;XIRECS;0.0;5
877600;Mark 01;Mark 22;VEV_6500;XIRECS;0.0;5
878300;Mark 14;Mark 22;VEV_5200;XIRECS;72.0;3
878300;Mark 01;Mark 22;VEV_5400;XIRECS;6.0;3
878300;Mark 01;Mark 22;VEV_5500;XIRECS;1.0;3
878300;Mark 01;Mark 22;VEV_6000;XIRECS;0.0;3
878300;Mark 01;Mark 22;VEV_6500;XIRECS;0.0;3
879700;Mark 38;Mark 14;HYDROGEL_PACK;XIRECS;9985.0;5
880600;Mark 14;Mark 38;HYDROGEL_PACK;XIRECS;9963.0;3
882000;Mark 01;Mark 55;VELVETFRUIT_EXTRACT;XIRECS;5223.0;3
882400;Mark 14;Mark 38;HYDROGEL_PACK;XIRECS;9959.0;5
883400;Mark 14;Mark 55;VELVETFRUIT_EXTRACT;XIRECS;5221.0;7
884000;Mark 14;Mark 55;VELVETFRUIT_EXTRACT;XIRECS;5221.0;4
885900;Mark 14;Mark 38;VEV_4000;XIRECS;1221.0;2
886300;Mark 38;Mark 14;HYDROGEL_PACK;XIRECS;9952.0;5
886500;Mark 55;Mark 01;VELVETFRUIT_EXTRACT;XIRECS;5232.0;5
886600;Mark 14;Mark 38;HYDROGEL_PACK;XIRECS;9932.0;3
887000;Mark 38;Mark 14;VEV_4000;XIRECS;1241.0;3
890900;Mark 01;Mark 22;VEV_5200;XIRECS;71.0;4
890900;Mark 01;Mark 22;VEV_5300;XIRECS;27.0;4
890900;Mark 01;Mark 22;VEV_5400;XIRECS;6.0;4
890900;Mark 01;Mark 22;VEV_5500;XIRECS;1.0;4
890900;Mark 01;Mark 22;VEV_6000;XIRECS;0.0;4
890900;Mark 01;Mark 22;VEV_6500;XIRECS;0.0;4
891200;Mark 38;Mark 14;HYDROGEL_PACK;XIRECS;9949.0;5
891600;Mark 38;Mark 14;HYDROGEL_PACK;XIRECS;9943.0;5
894300;Mark 01;Mark 22;VEV_5300;XIRECS;29.0;3
894300;Mark 01;Mark 22;VEV_5400;XIRECS;6.0;3
894300;Mark 01;Mark 22;VEV_5500;XIRECS;1.0;3
894300;Mark 01;Mark 22;VEV_6000;XIRECS;0.0;3
894300;Mark 01;Mark 22;VEV_6500;XIRECS;0.0;3
895700;Mark 55;Mark 01;VELVETFRUIT_EXTRACT;XIRECS;5245.0;7
896800;Mark 22;Mark 55;VELVETFRUIT_EXTRACT;XIRECS;5241.0;5
896800;Mark 67;Mark 55;VELVETFRUIT_EXTRACT;XIRECS;5241.0;1
896900;Mark 38;Mark 14;HYDROGEL_PACK;XIRECS;9943.0;3
898600;Mark 14;Mark 38;HYDROGEL_PACK;XIRECS;9952.0;4
900200;Mark 55;Mark 14;VELVETFRUIT_EXTRACT;XIRECS;5252.0;6
902100;Mark 01;Mark 55;VELVETFRUIT_EXTRACT;XIRECS;5246.0;5
903300;Mark 14;Mark 38;HYDROGEL_PACK;XIRECS;9945.0;6
903300;Mark 55;Mark 01;VELVETFRUIT_EXTRACT;XIRECS;5256.0;4
903800;Mark 14;Mark 55;VELVETFRUIT_EXTRACT;XIRECS;5252.0;3
904700;Mark 38;Mark 14;HYDROGEL_PACK;XIRECS;9949.0;4
904900;Mark 55;Mark 14;VELVETFRUIT_EXTRACT;XIRECS;5257.0;7
905100;Mark 55;Mark 01;VELVETFRUIT_EXTRACT;XIRECS;5258.0;6
905200;Mark 55;Mark 01;VELVETFRUIT_EXTRACT;XIRECS;5259.0;8
907300;Mark 38;Mark 14;HYDROGEL_PACK;XIRECS;9956.0;4
908100;Mark 55;Mark 14;VELVETFRUIT_EXTRACT;XIRECS;5256.0;7
910900;Mark 38;Mark 14;HYDROGEL_PACK;XIRECS;9940.0;6
911500;Mark 67;Mark 49;VELVETFRUIT_EXTRACT;XIRECS;5253.0;10
911700;Mark 38;Mark 14;HYDROGEL_PACK;XIRECS;9938.0;3
912400;Mark 14;Mark 38;HYDROGEL_PACK;XIRECS;9919.0;5
915100;Mark 55;Mark 14;VELVETFRUIT_EXTRACT;XIRECS;5256.0;4
916400;Mark 14;Mark 55;VELVETFRUIT_EXTRACT;XIRECS;5249.0;8
916800;Mark 14;Mark 38;VEV_4000;XIRECS;1240.0;1
916900;Mark 01;Mark 55;VELVETFRUIT_EXTRACT;XIRECS;5246.0;6
917300;Mark 14;Mark 38;VEV_4000;XIRECS;1238.0;3
918200;Mark 38;Mark 14;HYDROGEL_PACK;XIRECS;9949.0;2
918500;Mark 01;Mark 22;VEV_5300;XIRECS;34.0;5
918500;Mark 01;Mark 22;VEV_5400;XIRECS;8.0;5
918500;Mark 01;Mark 22;VEV_5500;XIRECS;2.0;5
918500;Mark 01;Mark 22;VEV_6000;XIRECS;0.0;5
918500;Mark 01;Mark 22;VEV_6500;XIRECS;0.0;5
921600;Mark 14;Mark 38;VEV_4000;XIRECS;1247.0;1
922400;Mark 38;Mark 14;HYDROGEL_PACK;XIRECS;9941.0;2
922400;Mark 14;Mark 38;VEV_4000;XIRECS;1248.0;3
923500;Mark 01;Mark 55;VELVETFRUIT_EXTRACT;XIRECS;5255.0;8
923900;Mark 38;Mark 14;VEV_4000;XIRECS;1270.0;2
925000;Mark 14;Mark 38;VEV_4000;XIRECS;1246.0;1
927000;Mark 38;Mark 14;HYDROGEL_PACK;XIRECS;9942.0;2
927100;Mark 01;Mark 55;VELVETFRUIT_EXTRACT;XIRECS;5255.0;4
927200;Mark 01;Mark 55;VELVETFRUIT_EXTRACT;XIRECS;5256.0;4
927500;Mark 14;Mark 38;HYDROGEL_PACK;XIRECS;9926.0;6
927700;Mark 14;Mark 55;VELVETFRUIT_EXTRACT;XIRECS;5258.0;6
928000;Mark 14;Mark 38;HYDROGEL_PACK;XIRECS;9931.0;4
928700;Mark 01;Mark 55;VELVETFRUIT_EXTRACT;XIRECS;5258.0;4
931000;Mark 38;Mark 14;HYDROGEL_PACK;XIRECS;9953.0;2
932400;Mark 14;Mark 38;VEV_4000;XIRECS;1257.0;1
933300;Mark 38;Mark 14;HYDROGEL_PACK;XIRECS;9959.0;4
935300;Mark 38;Mark 14;HYDROGEL_PACK;XIRECS;9971.0;3
935900;Mark 01;Mark 55;VELVETFRUIT_EXTRACT;XIRECS;5250.0;6
936500;Mark 14;Mark 55;VELVETFRUIT_EXTRACT;XIRECS;5251.0;5
937000;Mark 01;Mark 22;VEV_5400;XIRECS;8.0;5
937000;Mark 01;Mark 22;VEV_5500;XIRECS;2.0;5
937000;Mark 01;Mark 22;VEV_6000;XIRECS;0.0;5
937000;Mark 01;Mark 22;VEV_6500;XIRECS;0.0;5
937400;Mark 01;Mark 22;VEV_5400;XIRECS;8.0;5
937400;Mark 01;Mark 22;VEV_5500;XIRECS;2.0;5
937400;Mark 01;Mark 22;VEV_6000;XIRECS;0.0;5
937400;Mark 01;Mark 22;VEV_6500;XIRECS;0.0;5
941000;Mark 14;Mark 38;VEV_4000;XIRECS;1247.0;2
941800;Mark 38;Mark 14;VEV_4000;XIRECS;1268.0;3
942200;Mark 38;Mark 14;VEV_4000;XIRECS;1269.0;1
943100;Mark 55;Mark 14;VELVETFRUIT_EXTRACT;XIRECS;5263.0;4
943500;Mark 14;Mark 38;VEV_4000;XIRECS;1255.0;1
943900;Mark 55;Mark 14;VELVETFRUIT_EXTRACT;XIRECS;5270.0;5
943900;Mark 14;Mark 22;VEV_5300;XIRECS;39.0;5
943900;Mark 14;Mark 22;VEV_5400;XIRECS;10.0;5
943900;Mark 01;Mark 22;VEV_5500;XIRECS;2.0;5
943900;Mark 01;Mark 22;VEV_6000;XIRECS;0.0;5
943900;Mark 01;Mark 22;VEV_6500;XIRECS;0.0;5
947000;Mark 67;Mark 49;VELVETFRUIT_EXTRACT;XIRECS;5270.0;12
949600;Mark 55;Mark 01;VELVETFRUIT_EXTRACT;XIRECS;5280.0;7
950100;Mark 38;Mark 14;HYDROGEL_PACK;XIRECS;10001.0;6
950400;Mark 01;Mark 55;VELVETFRUIT_EXTRACT;XIRECS;5271.0;8
951200;Mark 14;Mark 38;HYDROGEL_PACK;XIRECS;9983.0;5
951700;Mark 55;Mark 01;VELVETFRUIT_EXTRACT;XIRECS;5276.0;6
952200;Mark 55;Mark 01;VELVETFRUIT_EXTRACT;XIRECS;5274.0;4
954100;Mark 14;Mark 38;VEV_4000;XIRECS;1262.0;2
955600;Mark 14;Mark 38;HYDROGEL_PACK;XIRECS;9973.0;4
956900;Mark 49;Mark 22;VELVETFRUIT_EXTRACT;XIRECS;5269.0;8
958600;Mark 55;Mark 14;VELVETFRUIT_EXTRACT;XIRECS;5275.0;3
960300;Mark 38;Mark 14;HYDROGEL_PACK;XIRECS;9978.0;3
961200;Mark 01;Mark 55;VELVETFRUIT_EXTRACT;XIRECS;5270.0;8
961500;Mark 01;Mark 55;VELVETFRUIT_EXTRACT;XIRECS;5269.0;7
961800;Mark 67;Mark 22;VELVETFRUIT_EXTRACT;XIRECS;5272.0;7
962600;Mark 14;Mark 38;HYDROGEL_PACK;XIRECS;9972.0;4
963200;Mark 38;Mark 14;VEV_4000;XIRECS;1287.0;3
963600;Mark 38;Mark 14;HYDROGEL_PACK;XIRECS;9982.0;5
963700;Mark 14;Mark 38;HYDROGEL_PACK;XIRECS;9965.0;5
964500;Mark 01;Mark 55;VELVETFRUIT_EXTRACT;XIRECS;5274.0;6
965600;Mark 14;Mark 38;HYDROGEL_PACK;XIRECS;9954.0;5
966700;Mark 14;Mark 38;HYDROGEL_PACK;XIRECS;9947.0;5
966900;Mark 55;Mark 14;VELVETFRUIT_EXTRACT;XIRECS;5274.0;3
967300;Mark 14;Mark 38;HYDROGEL_PACK;XIRECS;9953.0;3
968100;Mark 55;Mark 22;VELVETFRUIT_EXTRACT;XIRECS;5266.0;7
968600;Mark 01;Mark 55;VELVETFRUIT_EXTRACT;XIRECS;5263.0;4
969100;Mark 67;Mark 49;VELVETFRUIT_EXTRACT;XIRECS;5263.0;11
972100;Mark 14;Mark 38;HYDROGEL_PACK;XIRECS;9966.0;2
972300;Mark 14;Mark 55;VELVETFRUIT_EXTRACT;XIRECS;5252.0;6
972500;Mark 14;Mark 38;VEV_4000;XIRECS;1248.0;2
973300;Mark 55;Mark 01;VELVETFRUIT_EXTRACT;XIRECS;5258.0;5
973700;Mark 38;Mark 14;VEV_4000;XIRECS;1263.0;2
975300;Mark 38;Mark 14;HYDROGEL_PACK;XIRECS;9999.0;6
975900;Mark 14;Mark 38;HYDROGEL_PACK;XIRECS;9984.0;5
976400;Mark 55;Mark 14;VELVETFRUIT_EXTRACT;XIRECS;5251.0;3
977300;Mark 01;Mark 22;VEV_5300;XIRECS;31.0;4
977300;Mark 01;Mark 22;VEV_5400;XIRECS;7.0;4
977300;Mark 01;Mark 22;VEV_5500;XIRECS;1.0;4
977300;Mark 01;Mark 22;VEV_6000;XIRECS;0.0;4
977300;Mark 01;Mark 22;VEV_6500;XIRECS;0.0;4
977400;Mark 14;Mark 38;HYDROGEL_PACK;XIRECS;9972.0;5
980100;Mark 55;Mark 01;VELVETFRUIT_EXTRACT;XIRECS;5247.0;7
980200;Mark 14;Mark 38;HYDROGEL_PACK;XIRECS;9957.0;3
980900;Mark 38;Mark 14;HYDROGEL_PACK;XIRECS;9974.0;2
982800;Mark 14;Mark 38;HYDROGEL_PACK;XIRECS;9965.0;3
983000;Mark 01;Mark 55;VELVETFRUIT_EXTRACT;XIRECS;5242.0;4
983300;Mark 14;Mark 22;VEV_5300;XIRECS;30.0;3
983300;Mark 01;Mark 22;VEV_5400;XIRECS;6.0;3
983300;Mark 01;Mark 22;VEV_5500;XIRECS;1.0;3
983300;Mark 01;Mark 22;VEV_6000;XIRECS;0.0;3
983300;Mark 01;Mark 22;VEV_6500;XIRECS;0.0;3
984300;Mark 67;Mark 49;VELVETFRUIT_EXTRACT;XIRECS;5244.0;15
984800;Mark 01;Mark 55;VELVETFRUIT_EXTRACT;XIRECS;5244.0;5
986000;Mark 01;Mark 55;VELVETFRUIT_EXTRACT;XIRECS;5239.0;3
986200;Mark 38;Mark 14;HYDROGEL_PACK;XIRECS;9973.0;3
989700;Mark 14;Mark 55;VELVETFRUIT_EXTRACT;XIRECS;5234.0;5
989800;Mark 38;Mark 14;HYDROGEL_PACK;XIRECS;9993.0;5
992400;Mark 38;Mark 14;HYDROGEL_PACK;XIRECS;10008.0;4
992600;Mark 38;Mark 14;VEV_4000;XIRECS;1246.0;3
993700;Mark 55;Mark 14;VELVETFRUIT_EXTRACT;XIRECS;5242.0;3
993700;Mark 38;Mark 14;VEV_4000;XIRECS;1250.0;3
995300;Mark 14;Mark 55;VELVETFRUIT_EXTRACT;XIRECS;5235.0;3
997100;Mark 01;Mark 22;VEV_5400;XIRECS;5.0;4
997100;Mark 01;Mark 22;VEV_5500;XIRECS;1.0;4
997100;Mark 01;Mark 22;VEV_6000;XIRECS;0.0;4
997100;Mark 01;Mark 22;VEV_6500;XIRECS;0.0;4
997500;Mark 55;Mark 14;VELVETFRUIT_EXTRACT;XIRECS;5240.0;5
