day;timestamp;product;bid_price_1;bid_volume_1;bid_price_2;bid_volume_2;bid_price_3;bid_volume_3;ask_price_1;ask_volume_1;ask_price_2;ask_volume_2;ask_price_3;ask_volume_3;mid_price;profit_and_loss
1;0;INTARIAN_PEPPER_ROOT;12993;9;12990;25;;;13007;9;13010;25;;;13000.0;0.0
1;0;ASH_COATED_OSMIUM;10000;13;9998;21;;;10016;13;10019;21;;;10008.0;0.0
1;100;INTARIAN_PEPPER_ROOT;12993;8;;;;;13007;8;13010;22;;;13000.0;0.0
1;100;ASH_COATED_OSMIUM;10000;15;9998;26;;;10019;26;;;;;10009.5;0.0
1;200;ASH_COATED_OSMIUM;10000;15;9998;30;;;10019;30;;;;;10009.5;0.0
1;200;INTARIAN_PEPPER_ROOT;12993;9;12990;22;;;13010;22;;;;;13001.5;0.0
1;300;INTARIAN_PEPPER_ROOT;12993;8;12990;23;;;13007;8;13011;23;;;13000.0;0.0
1;300;ASH_COATED_OSMIUM;9998;27;;;;;10016;12;10019;27;;;10007.0;0.0
1;400;INTARIAN_PEPPER_ROOT;12993;10;12990;15;;;13007;10;13011;15;;;13000.0;0.0
1;400;ASH_COATED_OSMIUM;10010;8;10000;12;9998;25;10016;12;10019;25;;;10013.0;0.0
1;500;INTARIAN_PEPPER_ROOT;12993;9;12990;19;;;13007;9;13011;19;;;13000.0;0.0
1;500;ASH_COATED_OSMIUM;10000;11;9998;22;;;10017;11;10019;22;;;10008.5;0.0
1;600;ASH_COATED_OSMIUM;10000;13;9998;25;;;10019;25;;;;;10009.5;0.0
1;600;INTARIAN_PEPPER_ROOT;12990;23;;;;;13008;11;13011;23;;;12999.0;0.0
1;700;INTARIAN_PEPPER_ROOT;12994;9;12990;24;;;13008;9;13011;24;;;13001.0;0.0
1;700;ASH_COATED_OSMIUM;10000;11;;;;;10016;11;;;;;10008.0;0.0
1;800;INTARIAN_PEPPER_ROOT;12994;8;;;;;13008;8;13011;20;;;13001.0;0.0
1;800;ASH_COATED_OSMIUM;10001;12;9998;27;;;10019;27;;;;;10010.0;0.0
1;900;INTARIAN_PEPPER_ROOT;12994;8;12991;25;;;13011;25;;;;;13002.5;0.0
1;900;ASH_COATED_OSMIUM;10001;12;9998;21;;;10019;21;;;;;10010.0;0.0
1;1000;ASH_COATED_OSMIUM;10001;14;9998;28;;;10017;14;10019;28;;;10009.0;0.0
1;1000;INTARIAN_PEPPER_ROOT;12994;10;12991;21;;;13008;10;13011;21;;;13001.0;0.0
1;1100;INTARIAN_PEPPER_ROOT;12994;11;12991;24;;;13008;11;13011;24;;;13001.0;0.0
1;1100;ASH_COATED_OSMIUM;10001;13;9998;28;;;10017;13;10019;28;;;10009.0;0.0
1;1200;INTARIAN_PEPPER_ROOT;12994;9;12991;22;;;13011;22;;;;;13002.5;0.0
1;1200;ASH_COATED_OSMIUM;10001;12;;;;;;;;;;;10001.0;0.0
1;1300;INTARIAN_PEPPER_ROOT;12994;12;12991;16;;;13008;12;;;;;13001.0;0.0
1;1300;ASH_COATED_OSMIUM;10001;13;9999;23;;;10017;13;;;;;10009.0;0.0
1;1400;ASH_COATED_OSMIUM;;;;;;;10017;10;10020;24;;;10017.0;0.0
1;1400;INTARIAN_PEPPER_ROOT;12994;10;12991;17;;;13008;10;13012;17;;;13001.0;0.0
1;1500;INTARIAN_PEPPER_ROOT;12994;11;12991;16;;;13012;16;;;;;13003.0;0.0
1;1500;ASH_COATED_OSMIUM;10001;12;9999;29;;;10017;12;10020;29;;;10009.0;0.0
1;1600;INTARIAN_PEPPER_ROOT;12995;8;12991;23;;;13009;8;13012;23;;;13002.0;0.0
1;1600;ASH_COATED_OSMIUM;10001;14;9999;23;;;10017;14;10020;23;;;10009.0;0.0
1;1700;INTARIAN_PEPPER_ROOT;12995;9;12991;15;;;13009;9;13012;15;;;13002.0;0.0
1;1700;ASH_COATED_OSMIUM;10001;13;9999;24;;;10018;13;;;;;10009.5;0.0
1;1800;ASH_COATED_OSMIUM;10001;13;9999;28;;;10011;4;10017;13;10020;28;10006.0;0.0
1;1800;INTARIAN_PEPPER_ROOT;12995;9;12992;16;;;13009;9;13012;16;;;13002.0;0.0
1;1900;INTARIAN_PEPPER_ROOT;12995;10;12992;25;;;13009;10;13012;25;;;13002.0;0.0
1;1900;ASH_COATED_OSMIUM;10002;15;9999;24;;;10018;15;10020;24;;;10010.0;0.0
1;2000;INTARIAN_PEPPER_ROOT;12995;12;;;;;13009;12;13012;22;;;13002.0;0.0
1;2000;ASH_COATED_OSMIUM;10002;13;10000;22;;;10018;13;10021;22;;;10010.0;0.0
1;2100;INTARIAN_PEPPER_ROOT;12995;8;;;;;13009;8;13012;15;;;13002.0;0.0
1;2100;ASH_COATED_OSMIUM;10003;12;10000;25;;;10019;12;;;;;10011.0;0.0
1;2200;INTARIAN_PEPPER_ROOT;12995;12;12992;23;;;13009;12;13012;23;;;13002.0;0.0
1;2200;ASH_COATED_OSMIUM;10003;10;10000;29;;;10019;10;10021;29;;;10011.0;0.0
1;2300;ASH_COATED_OSMIUM;10003;14;10000;20;;;10019;14;10021;20;;;10011.0;0.0
1;2300;INTARIAN_PEPPER_ROOT;12995;9;;;;;13013;25;;;;;13004.0;0.0
1;2400;INTARIAN_PEPPER_ROOT;12995;8;12992;22;;;13013;22;;;;;13004.0;0.0
1;2400;ASH_COATED_OSMIUM;10002;10;10000;25;;;10021;25;;;;;10011.5;0.0
1;2500;INTARIAN_PEPPER_ROOT;12995;10;12992;15;;;;;;;;;12995.0;0.0
1;2500;ASH_COATED_OSMIUM;10002;14;10000;27;;;10018;14;10021;27;;;10010.0;0.0
1;2600;INTARIAN_PEPPER_ROOT;12996;8;12992;25;;;13010;8;13013;25;;;13003.0;0.0
1;2600;ASH_COATED_OSMIUM;9999;20;;;;;10018;13;10020;20;;;10008.5;0.0
1;2700;ASH_COATED_OSMIUM;10002;14;9999;29;;;10018;14;10020;29;;;10010.0;0.0
1;2700;INTARIAN_PEPPER_ROOT;12996;11;12992;19;;;12998;8;13010;11;13013;19;12997.0;0.0
1;2800;INTARIAN_PEPPER_ROOT;12996;12;;;;;13010;12;13013;25;;;13003.0;0.0
1;2800;ASH_COATED_OSMIUM;10002;11;9999;22;;;10020;22;;;;;10011.0;0.0
1;2900;INTARIAN_PEPPER_ROOT;13006;8;12996;12;12993;25;13010;12;13013;25;;;13008.0;0.0
1;2900;ASH_COATED_OSMIUM;10001;15;9999;21;;;10020;21;;;;;10010.5;0.0
1;3000;INTARIAN_PEPPER_ROOT;12996;9;12993;21;;;13013;21;;;;;13004.5;0.0
1;3000;ASH_COATED_OSMIUM;10002;13;9999;27;;;10018;13;10020;27;;;10010.0;0.0
1;3100;ASH_COATED_OSMIUM;10001;10;;;;;10017;10;10020;25;;;10009.0;0.0
1;3100;INTARIAN_PEPPER_ROOT;12996;11;12993;21;;;13010;11;;;;;13003.0;0.0
1;3200;INTARIAN_PEPPER_ROOT;12996;9;12993;25;;;13010;9;13013;25;;;13003.0;0.0
1;3200;ASH_COATED_OSMIUM;10001;12;9999;28;;;10017;12;10020;28;;;10009.0;0.0
1;3300;INTARIAN_PEPPER_ROOT;12996;10;12993;17;;;13010;10;13014;17;;;13003.0;0.0
1;3300;ASH_COATED_OSMIUM;10001;12;;;;;10017;12;10020;26;;;10009.0;0.0
1;3400;INTARIAN_PEPPER_ROOT;12996;12;12993;24;;;13010;12;13014;24;;;13003.0;0.0
1;3400;ASH_COATED_OSMIUM;10001;11;9999;25;;;10017;11;10020;25;;;10009.0;0.0
1;3500;ASH_COATED_OSMIUM;9999;21;;;;;10017;10;10020;21;;;10008.0;0.0
1;3500;INTARIAN_PEPPER_ROOT;12996;11;12993;25;;;13011;11;13014;25;;;13003.5;0.0
1;3600;ASH_COATED_OSMIUM;10001;10;9998;30;;;10017;10;10019;30;;;10009.0;0.0
1;3600;INTARIAN_PEPPER_ROOT;12997;10;;;;;13011;10;13014;22;;;13004.0;0.0
1;3700;INTARIAN_PEPPER_ROOT;12997;8;12993;25;;;13011;8;13014;25;;;13004.0;0.0
1;3700;ASH_COATED_OSMIUM;10000;15;;;;;10016;15;10019;24;;;10008.0;0.0
1;3800;ASH_COATED_OSMIUM;10006;5;10001;13;;;10019;29;;;;;10012.5;0.0
1;3800;INTARIAN_PEPPER_ROOT;12997;10;12994;19;;;13011;10;13014;19;;;13004.0;0.0
1;3900;ASH_COATED_OSMIUM;10001;13;;;;;10017;13;10019;26;;;10009.0;0.0
1;3900;INTARIAN_PEPPER_ROOT;12997;9;12994;25;;;13011;9;13014;25;;;13004.0;0.0
1;4000;ASH_COATED_OSMIUM;9998;30;;;;;10016;15;10019;30;;;10007.0;0.0
1;4000;INTARIAN_PEPPER_ROOT;12997;12;;;;;13011;12;;;;;13004.0;0.0
1;4100;INTARIAN_PEPPER_ROOT;12997;8;12994;25;;;13011;8;13014;25;;;13004.0;0.0
1;4100;ASH_COATED_OSMIUM;10006;3;10000;14;9998;25;10016;14;10019;25;;;10011.0;0.0
1;4200;ASH_COATED_OSMIUM;10001;10;9998;26;;;10017;10;;;;;10009.0;0.0
1;4200;INTARIAN_PEPPER_ROOT;12997;10;12994;19;;;13011;10;13014;19;;;13004.0;0.0
1;4300;ASH_COATED_OSMIUM;9999;24;;;;;10017;12;;;;;10008.0;0.0
1;4300;INTARIAN_PEPPER_ROOT;12997;11;12994;25;;;13011;11;13015;25;;;13004.0;0.0
1;4400;INTARIAN_PEPPER_ROOT;12997;10;;;;;13011;10;13015;22;;;13004.0;0.0
1;4400;ASH_COATED_OSMIUM;10001;10;9999;22;;;10017;10;10020;22;;;10009.0;0.0
1;4500;INTARIAN_PEPPER_ROOT;12997;11;12994;15;;;13012;11;13015;15;;;13004.5;0.0
1;4500;ASH_COATED_OSMIUM;10002;14;9999;26;;;10018;14;10020;26;;;10010.0;0.0
1;4600;INTARIAN_PEPPER_ROOT;12998;9;12994;22;;;13012;9;13015;22;;;13005.0;0.0
1;4600;ASH_COATED_OSMIUM;10002;15;9999;21;;;10018;15;10020;21;;;10010.0;0.0
1;4700;ASH_COATED_OSMIUM;10001;14;9999;27;;;10017;14;10020;27;;;10009.0;0.0
1;4700;INTARIAN_PEPPER_ROOT;12998;12;12994;15;;;13012;12;13015;15;;;13005.0;0.0
1;4800;INTARIAN_PEPPER_ROOT;12998;11;12995;21;;;13007;4;13015;21;;;13002.5;0.0
1;4800;ASH_COATED_OSMIUM;9998;28;;;;;10017;10;10019;28;;;10007.5;0.0
1;4900;INTARIAN_PEPPER_ROOT;12998;12;;;;;13012;12;13015;16;;;13005.0;0.0
1;4900;ASH_COATED_OSMIUM;10001;15;9999;27;;;10017;15;10020;27;;;10009.0;0.0
1;5000;INTARIAN_PEPPER_ROOT;12998;10;12995;23;;;;;;;;;12998.0;0.0
1;5000;ASH_COATED_OSMIUM;10001;12;9999;29;;;10017;12;10020;29;;;10009.0;0.0
1;5100;ASH_COATED_OSMIUM;9998;24;;;;;10017;11;10019;24;;;10007.5;0.0
1;5100;INTARIAN_PEPPER_ROOT;12998;11;12995;25;;;13012;11;;;;;13005.0;0.0
1;5200;INTARIAN_PEPPER_ROOT;12998;12;12995;19;;;;;;;;;12998.0;0.0
1;5200;ASH_COATED_OSMIUM;9998;29;;;;;10017;15;;;;;10007.5;0.0
1;5300;INTARIAN_PEPPER_ROOT;12998;8;12995;21;;;13012;8;13016;21;;;13005.0;0.0
1;5300;ASH_COATED_OSMIUM;9999;21;;;;;10017;15;10020;21;;;10008.0;0.0
1;5400;INTARIAN_PEPPER_ROOT;12998;8;12995;16;;;13012;8;13016;16;;;13005.0;0.0
1;5400;ASH_COATED_OSMIUM;10001;14;9999;20;;;10020;20;;;;;10010.5;0.0
1;5500;ASH_COATED_OSMIUM;10001;13;9999;28;;;10020;28;;;;;10010.5;0.0
1;5500;INTARIAN_PEPPER_ROOT;12998;10;12995;24;;;13016;24;;;;;13007.0;0.0
1;5600;INTARIAN_PEPPER_ROOT;12999;11;12995;19;;;13013;11;;;;;13006.0;0.0
1;5600;ASH_COATED_OSMIUM;10001;14;;;;;10017;14;10019;21;;;10009.0;0.0
1;5700;INTARIAN_PEPPER_ROOT;12999;8;12995;19;;;13013;8;13016;19;;;13006.0;0.0
1;5700;ASH_COATED_OSMIUM;10001;12;9998;29;;;10017;12;10019;29;;;10009.0;0.0
1;5800;INTARIAN_PEPPER_ROOT;12996;22;;;;;13016;22;;;;;13006.0;0.0
1;5800;ASH_COATED_OSMIUM;10001;10;;;;;10017;10;10020;28;;;10009.0;0.0
1;5900;ASH_COATED_OSMIUM;10002;15;9999;29;;;10018;15;10020;29;;;10010.0;0.0
1;5900;INTARIAN_PEPPER_ROOT;12999;10;12996;23;;;13013;10;13016;23;;;13006.0;0.0
1;6000;INTARIAN_PEPPER_ROOT;12996;19;;;;;13013;11;13016;19;;;13004.5;0.0
1;6000;ASH_COATED_OSMIUM;10001;15;9999;30;;;10017;15;10020;30;;;10009.0;0.0
1;6100;INTARIAN_PEPPER_ROOT;12996;22;;;;;13013;9;13016;22;;;13004.5;0.0
1;6100;ASH_COATED_OSMIUM;9999;28;;;;;10020;28;;;;;10009.5;0.0
1;6200;INTARIAN_PEPPER_ROOT;12999;10;12996;15;;;13013;10;13016;15;;;13006.0;0.0
1;6200;ASH_COATED_OSMIUM;10001;11;9998;20;;;10017;11;;;;;10009.0;0.0
1;6300;ASH_COATED_OSMIUM;9998;22;;;;;10017;12;10019;22;;;10007.5;0.0
1;6300;INTARIAN_PEPPER_ROOT;12999;11;;;;;13013;11;13017;24;;;13006.0;0.0
1;6400;INTARIAN_PEPPER_ROOT;12996;22;;;;;13013;9;13017;22;;;13004.5;0.0
1;6400;ASH_COATED_OSMIUM;10001;14;9998;23;;;10017;14;10019;23;;;10009.0;0.0
1;6500;INTARIAN_PEPPER_ROOT;;;;;;;;;;;;;0.0;0.0
1;6500;ASH_COATED_OSMIUM;10001;13;;;;;10017;13;10020;24;;;10009.0;0.0
1;6600;ASH_COATED_OSMIUM;10001;15;9998;25;;;10017;15;10019;25;;;10009.0;0.0
1;6600;INTARIAN_PEPPER_ROOT;13000;12;;;;;;;;;;;13000.0;0.0
1;6700;ASH_COATED_OSMIUM;9998;29;;;;;10019;29;;;;;10008.5;0.0
1;6700;INTARIAN_PEPPER_ROOT;13000;8;12996;22;;;13014;8;13017;22;;;13007.0;0.0
1;6800;ASH_COATED_OSMIUM;10001;10;9998;30;;;10017;10;10019;30;;;10009.0;0.0
1;6800;INTARIAN_PEPPER_ROOT;13000;12;;;;;13014;12;13017;16;;;13007.0;0.0
1;6900;INTARIAN_PEPPER_ROOT;13000;9;12997;19;;;13017;19;;;;;13008.5;0.0
1;6900;ASH_COATED_OSMIUM;10001;12;9998;22;;;10019;22;;;;;10010.0;0.0
1;7000;ASH_COATED_OSMIUM;10001;11;;;;;10017;11;10019;22;;;10009.0;0.0
1;7000;INTARIAN_PEPPER_ROOT;13000;9;12997;24;;;13014;9;13017;24;;;13007.0;0.0
1;7100;ASH_COATED_OSMIUM;9998;25;;;;;10019;25;;;;;10008.5;0.0
1;7100;INTARIAN_PEPPER_ROOT;13000;12;12997;15;;;13014;12;13017;15;;;13007.0;0.0
1;7200;ASH_COATED_OSMIUM;10006;2;10001;11;;;10017;11;10019;20;;;10011.5;0.0
1;7200;INTARIAN_PEPPER_ROOT;13000;9;12997;23;;;13014;9;13017;23;;;13007.0;0.0
1;7300;INTARIAN_PEPPER_ROOT;13000;9;12997;17;;;13014;9;13018;17;;;13007.0;0.0
1;7300;ASH_COATED_OSMIUM;10001;11;9998;21;;;10017;11;10019;21;;;10009.0;0.0
1;7400;ASH_COATED_OSMIUM;10001;15;9998;26;;;10017;15;10019;26;;;10009.0;0.0
1;7400;INTARIAN_PEPPER_ROOT;13000;10;12997;23;;;13014;10;;;;;13007.0;0.0
1;7500;ASH_COATED_OSMIUM;;;;;;;10017;14;10019;21;;;10017.0;0.0
1;7500;INTARIAN_PEPPER_ROOT;13000;9;12997;20;;;13015;9;13018;20;;;13007.5;0.0
1;7600;ASH_COATED_OSMIUM;9999;30;;;;;10007;5;10017;14;10020;30;10003.0;0.0
1;7600;INTARIAN_PEPPER_ROOT;13001;9;12997;19;;;13015;9;13018;19;;;13008.0;0.0
1;7700;INTARIAN_PEPPER_ROOT;13001;8;12997;20;;;13015;8;13018;20;;;13008.0;0.0
1;7700;ASH_COATED_OSMIUM;10001;10;;;;;10017;10;10019;25;;;10009.0;0.0
1;7800;ASH_COATED_OSMIUM;10000;11;9998;22;;;10016;11;10019;22;;;10008.0;0.0
1;7800;INTARIAN_PEPPER_ROOT;12998;17;;;;;13015;12;13018;17;;;13006.5;0.0
1;7900;ASH_COATED_OSMIUM;;;;;;;10016;13;10019;23;;;10016.0;0.0
1;7900;INTARIAN_PEPPER_ROOT;13001;12;12998;23;;;13015;12;13018;23;;;13008.0;0.0
1;8000;ASH_COATED_OSMIUM;10000;15;9997;22;;;10018;22;;;;;10009.0;0.0
1;8000;INTARIAN_PEPPER_ROOT;13001;8;;;;;13018;24;;;;;13009.5;0.0
1;8100;ASH_COATED_OSMIUM;9998;30;;;;;10016;10;10019;30;;;10007.0;0.0
1;8100;INTARIAN_PEPPER_ROOT;13001;9;12998;18;;;13015;9;13018;18;;;13008.0;0.0
1;8200;INTARIAN_PEPPER_ROOT;13001;12;12998;19;;;13015;12;13018;19;;;13008.0;0.0
1;8200;ASH_COATED_OSMIUM;9997;24;;;;;10016;12;10018;24;;;10006.5;0.0
1;8300;ASH_COATED_OSMIUM;10000;15;9998;23;;;10016;15;10019;23;;;10008.0;0.0
1;8300;INTARIAN_PEPPER_ROOT;13001;8;;;;;13015;8;13019;24;;;13008.0;0.0
1;8400;ASH_COATED_OSMIUM;9999;23;;;;;10017;13;10020;23;;;10008.0;0.0
1;8400;INTARIAN_PEPPER_ROOT;13001;9;12998;24;;;13015;9;13019;24;;;13008.0;0.0
1;8500;ASH_COATED_OSMIUM;10001;14;9998;21;;;10017;14;10019;21;;;10009.0;0.0
1;8500;INTARIAN_PEPPER_ROOT;13001;10;12998;19;;;13016;10;;;;;13008.5;0.0
1;8600;INTARIAN_PEPPER_ROOT;13002;10;12998;22;;;13016;10;13019;22;;;13009.0;0.0
1;8600;ASH_COATED_OSMIUM;10001;13;9998;24;;;10017;13;10019;24;;;10009.0;0.0
1;8700;INTARIAN_PEPPER_ROOT;13002;9;12998;17;;;13019;17;;;;;13010.5;0.0
1;8700;ASH_COATED_OSMIUM;10001;11;9998;30;;;10017;11;10019;30;;;10009.0;0.0
1;8800;ASH_COATED_OSMIUM;9998;22;;;;;10019;22;;;;;10008.5;0.0
1;8800;INTARIAN_PEPPER_ROOT;13002;10;12999;23;;;13019;23;;;;;13010.5;0.0
1;8900;INTARIAN_PEPPER_ROOT;13002;8;12999;24;;;13016;8;13019;24;;;13009.0;0.0
1;8900;ASH_COATED_OSMIUM;9998;27;;;;;10010;5;10017;11;10019;27;10004.0;0.0
1;9000;INTARIAN_PEPPER_ROOT;13002;12;12999;22;;;13016;12;;;;;13009.0;0.0
1;9000;ASH_COATED_OSMIUM;;;;;;;10017;14;10019;20;;;10017.0;0.0
1;9100;INTARIAN_PEPPER_ROOT;13002;12;12999;20;;;13016;12;13019;20;;;13009.0;0.0
1;9100;ASH_COATED_OSMIUM;10006;4;10000;12;9998;25;10016;12;;;;;10011.0;0.0
1;9200;ASH_COATED_OSMIUM;9998;21;;;;;10016;12;10019;21;;;10007.0;0.0
1;9200;INTARIAN_PEPPER_ROOT;13002;12;12999;15;;;13019;15;;;;;13010.5;0.0
1;9300;INTARIAN_PEPPER_ROOT;13002;11;12999;23;;;13016;11;13020;23;;;13009.0;0.0
1;9300;ASH_COATED_OSMIUM;10000;12;;;;;10016;12;10019;23;;;10008.0;0.0
1;9400;INTARIAN_PEPPER_ROOT;13002;11;12999;24;;;13020;24;;;;;13011.0;0.0
1;9400;ASH_COATED_OSMIUM;10000;10;9998;30;;;10006;10;10016;10;10019;30;10003.0;0.0
1;9500;INTARIAN_PEPPER_ROOT;12999;20;;;;;13017;11;13020;20;;;13008.0;0.0
1;9500;ASH_COATED_OSMIUM;9999;14;9997;27;;;10015;14;10018;27;;;10007.0;0.0
1;9600;ASH_COATED_OSMIUM;9999;10;9997;30;;;10015;10;10018;30;;;10007.0;0.0
1;9600;INTARIAN_PEPPER_ROOT;13003;12;12999;20;;;13017;12;13020;20;;;13010.0;0.0
1;9700;INTARIAN_PEPPER_ROOT;13003;10;12999;23;;;13017;10;13020;23;;;13010.0;0.0
1;9700;ASH_COATED_OSMIUM;9997;26;;;;;10018;26;;;;;10007.5;0.0
1;9800;INTARIAN_PEPPER_ROOT;13003;11;13000;16;;;13017;11;;;;;13010.0;0.0
1;9800;ASH_COATED_OSMIUM;9999;13;9997;29;;;10015;13;10018;29;;;10007.0;0.0
1;9900;INTARIAN_PEPPER_ROOT;13003;12;13000;17;;;13005;8;13017;12;;;13004.0;0.0
1;9900;ASH_COATED_OSMIUM;9999;11;9996;29;;;10015;11;10017;29;;;10007.0;0.0
1;10000;ASH_COATED_OSMIUM;9999;13;9997;23;;;10015;13;10018;23;;;10007.0;0.0
1;10000;INTARIAN_PEPPER_ROOT;13003;12;13000;18;;;13017;12;13020;18;;;13010.0;0.0
1;10100;INTARIAN_PEPPER_ROOT;13003;12;;;;;;;;;;;13003.0;0.0
1;10100;ASH_COATED_OSMIUM;9999;10;9996;22;;;10015;10;10017;22;;;10007.0;0.0
1;10200;INTARIAN_PEPPER_ROOT;13003;10;13000;20;;;13017;10;;;;;13010.0;0.0
1;10200;ASH_COATED_OSMIUM;9999;11;9997;23;;;10018;23;;;;;10008.5;0.0
1;10300;INTARIAN_PEPPER_ROOT;;;;;;;13017;9;13021;15;;;13017.0;0.0
1;10300;ASH_COATED_OSMIUM;10000;12;9997;21;;;10016;12;10018;21;;;10008.0;0.0
1;10400;ASH_COATED_OSMIUM;10000;12;9997;21;;;10018;21;;;;;10009.0;0.0
1;10400;INTARIAN_PEPPER_ROOT;13003;8;13000;23;;;13017;8;13021;23;;;13010.0;0.0
1;10500;INTARIAN_PEPPER_ROOT;13000;19;;;;;13021;19;;;;;13010.5;0.0
1;10500;ASH_COATED_OSMIUM;9999;11;9997;29;;;10015;11;10018;29;;;10007.0;0.0
1;10600;INTARIAN_PEPPER_ROOT;13004;12;13000;16;;;13018;12;13021;16;;;13011.0;0.0
1;10600;ASH_COATED_OSMIUM;10000;11;9997;26;;;10016;11;10018;26;;;10008.0;0.0
1;10700;INTARIAN_PEPPER_ROOT;13014;4;13004;12;13000;22;13018;12;13021;22;;;13016.0;0.0
1;10700;ASH_COATED_OSMIUM;10009;5;9999;13;9997;21;;;;;;;10009.0;0.0
1;10800;ASH_COATED_OSMIUM;9999;12;9996;23;;;10015;12;10017;23;;;10007.0;0.0
1;10800;INTARIAN_PEPPER_ROOT;13004;9;13001;20;;;13018;9;13021;20;;;13011.0;0.0
1;10900;ASH_COATED_OSMIUM;9999;13;;;;;10015;13;10017;30;;;10007.0;0.0
1;10900;INTARIAN_PEPPER_ROOT;13004;9;13001;18;;;13018;9;;;;;13011.0;0.0
1;11000;INTARIAN_PEPPER_ROOT;13004;9;13001;16;;;13018;9;;;;;13011.0;0.0
1;11000;ASH_COATED_OSMIUM;9998;11;9995;24;;;10007;5;10014;11;10016;24;10002.5;0.0
1;11100;INTARIAN_PEPPER_ROOT;13004;9;13001;22;;;13018;9;13021;22;;;13011.0;0.0
1;11100;ASH_COATED_OSMIUM;9998;14;9995;25;;;10014;14;10016;25;;;10006.0;0.0
1;11200;INTARIAN_PEPPER_ROOT;13001;24;;;;;13018;8;13021;24;;;13009.5;0.0
1;11200;ASH_COATED_OSMIUM;9998;10;;;;;10014;10;10016;26;;;10006.0;0.0
1;11300;ASH_COATED_OSMIUM;9997;12;9995;29;;;10013;12;10016;29;;;10005.0;0.0
1;11300;INTARIAN_PEPPER_ROOT;13004;10;13001;18;;;13018;10;13022;18;;;13011.0;0.0
1;11400;INTARIAN_PEPPER_ROOT;13004;11;13001;18;;;13022;18;;;;;13013.0;0.0
1;11400;ASH_COATED_OSMIUM;9997;15;9995;22;;;10013;15;10016;22;;;10005.0;0.0
1;11500;INTARIAN_PEPPER_ROOT;13004;8;13001;25;;;13019;8;;;;;13011.5;0.0
1;11500;ASH_COATED_OSMIUM;9997;15;9994;27;;;10013;15;10015;27;;;10005.0;0.0
1;11600;INTARIAN_PEPPER_ROOT;13005;12;13001;23;;;13019;12;13022;23;;;13012.0;0.0
1;11600;ASH_COATED_OSMIUM;9997;11;9995;30;;;10013;11;10016;30;;;10005.0;0.0
1;11700;ASH_COATED_OSMIUM;9998;15;9995;22;;;10014;15;10016;22;;;10006.0;0.0
1;11700;INTARIAN_PEPPER_ROOT;13005;10;13001;17;;;;;;;;;13005.0;0.0
1;11800;INTARIAN_PEPPER_ROOT;13005;8;13002;17;;;13019;8;13022;17;;;13012.0;0.0
1;11800;ASH_COATED_OSMIUM;9997;14;9995;25;;;10016;25;;;;;10006.5;0.0
1;11900;INTARIAN_PEPPER_ROOT;13005;10;13002;20;;;13019;10;13022;20;;;13012.0;0.0
1;11900;ASH_COATED_OSMIUM;9997;11;;;;;10015;20;;;;;10006.0;0.0
1;12000;INTARIAN_PEPPER_ROOT;13005;10;13002;25;;;13019;10;13022;25;;;13012.0;0.0
1;12000;ASH_COATED_OSMIUM;9997;10;;;;;10013;10;10015;22;;;10005.0;0.0
1;12100;ASH_COATED_OSMIUM;9998;14;;;;;;;;;;;9998.0;0.0
1;12100;INTARIAN_PEPPER_ROOT;13002;24;;;;;13019;12;;;;;13010.5;0.0
1;12200;INTARIAN_PEPPER_ROOT;13005;10;;;;;13019;10;13022;22;;;13012.0;0.0
1;12200;ASH_COATED_OSMIUM;9997;13;9995;24;;;10016;24;;;;;10006.5;0.0
1;12300;INTARIAN_PEPPER_ROOT;13002;23;;;;;13019;11;13023;23;;;13010.5;0.0
1;12300;ASH_COATED_OSMIUM;9997;11;9995;20;;;10016;20;;;;;10006.5;0.0
1;12400;ASH_COATED_OSMIUM;9997;14;9995;28;;;10013;14;10016;28;;;10005.0;0.0
1;12400;INTARIAN_PEPPER_ROOT;13005;12;13002;25;;;13019;12;13023;25;;;13012.0;0.0
1;12500;ASH_COATED_OSMIUM;9997;15;;;;;10013;15;10015;22;;;10005.0;0.0
1;12500;INTARIAN_PEPPER_ROOT;13005;8;;;;;13020;8;13023;16;;;13012.5;0.0
1;12600;ASH_COATED_OSMIUM;9997;11;9994;28;;;10013;11;10015;28;;;10005.0;0.0
1;12600;INTARIAN_PEPPER_ROOT;13002;18;;;;;13008;3;13020;10;13023;18;13005.0;0.0
1;12700;INTARIAN_PEPPER_ROOT;13006;11;13002;20;;;13020;11;13023;20;;;13013.0;0.0
1;12700;ASH_COATED_OSMIUM;9994;23;;;;;10013;15;10015;23;;;10003.5;0.0
1;12800;ASH_COATED_OSMIUM;9997;15;9994;23;;;10013;15;10015;23;;;10005.0;0.0
1;12800;INTARIAN_PEPPER_ROOT;13006;11;13003;19;;;13020;11;13023;19;;;13013.0;0.0
1;12900;ASH_COATED_OSMIUM;9997;14;9994;29;;;10013;14;10015;29;;;10005.0;0.0
1;12900;INTARIAN_PEPPER_ROOT;13003;20;;;;;13020;10;;;;;13011.5;0.0
1;13000;ASH_COATED_OSMIUM;9997;13;9994;25;;;10013;13;10015;25;;;10005.0;0.0
1;13000;INTARIAN_PEPPER_ROOT;13006;11;;;;;13020;11;13023;20;;;13013.0;0.0
1;13100;INTARIAN_PEPPER_ROOT;13006;12;13003;16;;;13020;12;13023;16;;;13013.0;0.0
1;13100;ASH_COATED_OSMIUM;9997;15;;;;;10013;15;;;;;10005.0;0.0
1;13200;INTARIAN_PEPPER_ROOT;13006;12;13003;20;;;13020;12;13023;20;;;13013.0;0.0
1;13200;ASH_COATED_OSMIUM;9997;12;9994;20;;;10013;12;10015;20;;;10005.0;0.0
1;13300;ASH_COATED_OSMIUM;9997;15;9994;29;;;10015;29;;;;;10006.0;0.0
1;13300;INTARIAN_PEPPER_ROOT;13006;12;13003;25;;;13020;12;13024;25;;;13013.0;0.0
1;13400;INTARIAN_PEPPER_ROOT;13006;8;13003;24;;;13020;8;;;;;13013.0;0.0
1;13400;ASH_COATED_OSMIUM;9996;12;9994;29;;;;;;;;;9996.0;0.0
1;13500;INTARIAN_PEPPER_ROOT;13006;9;13003;21;;;13024;21;;;;;13015.0;0.0
1;13500;ASH_COATED_OSMIUM;9996;15;9994;21;;;10012;15;10015;21;;;10004.0;0.0
1;13600;INTARIAN_PEPPER_ROOT;13007;12;13003;22;;;13021;12;13024;22;;;13014.0;0.0
1;13600;ASH_COATED_OSMIUM;9997;11;9994;30;;;10015;30;;;;;10006.0;0.0
1;13700;ASH_COATED_OSMIUM;9994;29;;;;;10015;29;;;;;10004.5;0.0
1;13700;INTARIAN_PEPPER_ROOT;13007;12;13003;22;;;13021;12;;;;;13014.0;0.0
1;13800;INTARIAN_PEPPER_ROOT;13007;11;13004;17;;;;;;;;;13007.0;0.0
1;13800;ASH_COATED_OSMIUM;9996;12;;;;;;;;;;;9996.0;0.0
1;13900;INTARIAN_PEPPER_ROOT;13007;12;13004;15;;;13021;12;;;;;13014.0;0.0
1;13900;ASH_COATED_OSMIUM;9993;20;;;;;10012;12;10014;20;;;10002.5;0.0
1;14000;INTARIAN_PEPPER_ROOT;13007;9;13004;21;;;13024;21;;;;;13015.5;0.0
1;14000;ASH_COATED_OSMIUM;;;;;;;10012;15;;;;;10012.0;0.0
1;14100;ASH_COATED_OSMIUM;9996;14;9994;27;;;10015;27;;;;;10005.5;0.0
1;14100;INTARIAN_PEPPER_ROOT;13007;9;;;;;13021;9;;;;;13014.0;0.0
1;14200;INTARIAN_PEPPER_ROOT;13007;11;13004;23;;;13024;23;;;;;13015.5;0.0
1;14200;ASH_COATED_OSMIUM;9996;15;9994;26;;;10012;15;10015;26;;;10004.0;0.0
1;14300;INTARIAN_PEPPER_ROOT;13007;12;13004;18;;;13021;12;13025;18;;;13014.0;0.0
1;14300;ASH_COATED_OSMIUM;9996;13;9994;30;;;10012;13;10015;30;;;10004.0;0.0
1;14400;INTARIAN_PEPPER_ROOT;13007;10;13004;22;;;13017;11;13021;10;13025;22;13012.0;0.0
1;14400;ASH_COATED_OSMIUM;9996;10;9994;26;;;10012;10;10015;26;;;10004.0;0.0
1;14500;ASH_COATED_OSMIUM;9996;10;9994;20;;;10006;5;10012;10;10015;20;10001.0;0.0
1;14500;INTARIAN_PEPPER_ROOT;13004;19;;;;;13022;11;13025;19;;;13013.0;0.0
1;14600;INTARIAN_PEPPER_ROOT;13008;12;13004;19;;;13022;12;13025;19;;;13015.0;0.0
1;14600;ASH_COATED_OSMIUM;9996;15;9993;22;;;10012;15;10014;22;;;10004.0;0.0
1;14700;INTARIAN_PEPPER_ROOT;13008;9;13004;16;;;13022;9;13025;16;;;13015.0;0.0
1;14700;ASH_COATED_OSMIUM;9996;12;9993;26;;;10005;4;10012;12;10014;26;10000.5;0.0
1;14800;INTARIAN_PEPPER_ROOT;13008;8;;;;;;;;;;;13008.0;0.0
1;14800;ASH_COATED_OSMIUM;9995;14;9993;23;;;10011;14;10014;23;;;10003.0;0.0
1;14900;ASH_COATED_OSMIUM;9996;13;;;;;10014;20;;;;;10005.0;0.0
1;14900;INTARIAN_PEPPER_ROOT;13008;11;13005;18;;;13022;11;13025;18;;;13015.0;0.0
1;15000;INTARIAN_PEPPER_ROOT;13008;11;;;;;13022;11;13025;18;;;13015.0;0.0
1;15000;ASH_COATED_OSMIUM;9994;25;;;;;10006;3;10012;13;10015;25;10000.0;0.0
1;15100;INTARIAN_PEPPER_ROOT;13008;10;13005;16;;;13022;10;13025;16;;;13015.0;0.0
1;15100;ASH_COATED_OSMIUM;9994;26;;;;;10013;11;;;;;10003.5;0.0
1;15200;INTARIAN_PEPPER_ROOT;13008;12;;;;;13025;23;;;;;13016.5;0.0
1;15200;ASH_COATED_OSMIUM;9997;10;9995;25;;;10016;25;;;;;10006.5;0.0
1;15300;ASH_COATED_OSMIUM;9997;11;9994;24;;;10013;11;;;;;10005.0;0.0
1;15300;INTARIAN_PEPPER_ROOT;13008;11;13005;25;;;13022;11;13026;25;;;13015.0;0.0
1;15400;ASH_COATED_OSMIUM;9998;14;9995;23;;;10016;23;;;;;10007.0;0.0
1;15400;INTARIAN_PEPPER_ROOT;13008;9;13005;24;;;13022;9;;;;;13015.0;0.0
1;15500;INTARIAN_PEPPER_ROOT;13008;12;13005;16;;;13023;12;13026;16;;;13015.5;0.0
1;15500;ASH_COATED_OSMIUM;10007;10;9998;10;9995;22;10014;10;10016;22;;;10010.5;0.0
1;15600;ASH_COATED_OSMIUM;9998;11;9995;23;;;10014;11;10016;23;;;10006.0;0.0
1;15600;INTARIAN_PEPPER_ROOT;;;;;;;;;;;;;0.0;0.0
1;15700;ASH_COATED_OSMIUM;9998;15;9995;20;;;10014;15;10016;20;;;10006.0;0.0
1;15700;INTARIAN_PEPPER_ROOT;13009;9;13005;23;;;13023;9;13026;23;;;13016.0;0.0
1;15800;ASH_COATED_OSMIUM;9997;15;;;;;10016;23;;;;;10006.5;0.0
1;15800;INTARIAN_PEPPER_ROOT;13009;8;13006;16;;;13023;8;;;;;13016.0;0.0
1;15900;INTARIAN_PEPPER_ROOT;13009;12;13006;23;;;13023;12;13026;23;;;13016.0;0.0
1;15900;ASH_COATED_OSMIUM;9998;10;9995;30;;;10014;10;10016;30;;;10006.0;0.0
1;16000;ASH_COATED_OSMIUM;9995;23;;;;;10016;23;;;;;10005.5;0.0
1;16000;INTARIAN_PEPPER_ROOT;13009;9;13006;17;;;13023;9;13026;17;;;13016.0;0.0
1;16100;ASH_COATED_OSMIUM;10003;4;9997;13;9995;25;10013;13;10016;25;;;10008.0;0.0
1;16100;INTARIAN_PEPPER_ROOT;13006;25;;;;;13023;9;13026;25;;;13014.5;0.0
1;16200;ASH_COATED_OSMIUM;9998;12;9995;21;;;10014;12;10016;21;;;10006.0;0.0
1;16200;INTARIAN_PEPPER_ROOT;13006;24;;;;;13023;12;13026;24;;;13014.5;0.0
1;16300;INTARIAN_PEPPER_ROOT;13020;5;13009;8;13006;16;13023;8;;;;;13021.5;0.0
1;16300;ASH_COATED_OSMIUM;9998;13;9995;22;;;10014;13;;;;;10006.0;0.0
1;16400;ASH_COATED_OSMIUM;9998;13;9995;26;;;10014;13;;;;;10006.0;0.0
1;16400;INTARIAN_PEPPER_ROOT;13009;9;13006;21;;;13023;9;13027;21;;;13016.0;0.0
1;16500;ASH_COATED_OSMIUM;9995;22;;;;;10014;15;10016;22;;;10004.5;0.0
1;16500;INTARIAN_PEPPER_ROOT;13009;11;13006;19;;;13024;11;13027;19;;;13016.5;0.0
1;16600;ASH_COATED_OSMIUM;9998;15;9995;27;;;10014;15;10016;27;;;10006.0;0.0
1;16600;INTARIAN_PEPPER_ROOT;13006;25;;;;;13024;12;13027;25;;;13015.0;0.0
1;16700;INTARIAN_PEPPER_ROOT;;;;;;;13024;10;;;;;13024.0;0.0
1;16700;ASH_COATED_OSMIUM;9999;13;9996;30;;;10015;13;10017;30;;;10007.0;0.0
1;16800;ASH_COATED_OSMIUM;9998;10;9996;26;;;10014;10;10017;26;;;10006.0;0.0
1;16800;INTARIAN_PEPPER_ROOT;13010;8;13007;23;;;13024;8;13027;23;;;13017.0;0.0
1;16900;ASH_COATED_OSMIUM;;;;;;;;;;;;;0.0;0.0
1;16900;INTARIAN_PEPPER_ROOT;13007;17;;;;;13024;10;13027;17;;;13015.5;0.0
1;17000;ASH_COATED_OSMIUM;9998;11;9996;27;;;10014;11;;;;;10006.0;0.0
1;17000;INTARIAN_PEPPER_ROOT;13010;9;13007;15;;;13024;9;13027;15;;;13017.0;0.0
1;17100;ASH_COATED_OSMIUM;9998;12;9996;25;;;10014;12;10017;25;;;10006.0;0.0
1;17100;INTARIAN_PEPPER_ROOT;13010;11;13007;17;;;13024;11;13027;17;;;13017.0;0.0
1;17200;INTARIAN_PEPPER_ROOT;13010;9;13007;19;;;13024;9;13027;19;;;13017.0;0.0
1;17200;ASH_COATED_OSMIUM;9998;13;9995;24;;;10014;13;;;;;10006.0;0.0
1;17300;ASH_COATED_OSMIUM;9995;29;;;;;10014;12;10016;29;;;10004.5;0.0
1;17300;INTARIAN_PEPPER_ROOT;13007;22;;;;;13028;22;;;;;13017.5;0.0
1;17400;ASH_COATED_OSMIUM;9997;11;9995;21;;;10013;11;10016;21;;;10005.0;0.0
1;17400;INTARIAN_PEPPER_ROOT;13010;9;13007;17;;;13013;3;13024;9;13028;17;13011.5;0.0
1;17500;ASH_COATED_OSMIUM;9997;11;9995;27;;;10013;11;;;;;10005.0;0.0
1;17500;INTARIAN_PEPPER_ROOT;13010;9;13007;19;;;13025;9;13028;19;;;13017.5;0.0
1;17600;INTARIAN_PEPPER_ROOT;13011;9;13007;22;;;13025;9;;;;;13018.0;0.0
1;17600;ASH_COATED_OSMIUM;9995;25;;;;;10014;14;10016;25;;;10004.5;0.0
1;17700;INTARIAN_PEPPER_ROOT;13011;8;13007;16;;;13025;8;13028;16;;;13018.0;0.0
1;17700;ASH_COATED_OSMIUM;9995;24;;;;;10014;10;10016;24;;;10004.5;0.0
1;17800;ASH_COATED_OSMIUM;9998;10;9995;23;;;10014;10;;;;;10006.0;0.0
1;17800;INTARIAN_PEPPER_ROOT;13011;8;13008;24;;;13025;8;13028;24;;;13018.0;0.0
1;17900;INTARIAN_PEPPER_ROOT;13011;9;13008;20;;;13025;9;;;;;13018.0;0.0
1;17900;ASH_COATED_OSMIUM;9997;11;9995;22;;;10013;11;;;;;10005.0;0.0
1;18000;INTARIAN_PEPPER_ROOT;13011;9;13008;21;;;13025;9;13028;21;;;13018.0;0.0
1;18000;ASH_COATED_OSMIUM;9995;23;;;;;10013;15;10016;23;;;10004.0;0.0
1;18100;INTARIAN_PEPPER_ROOT;13011;10;13008;25;;;;;;;;;13011.0;0.0
1;18100;ASH_COATED_OSMIUM;9997;11;9995;30;;;10013;11;10016;30;;;10005.0;0.0
1;18200;ASH_COATED_OSMIUM;;;;;;;10013;10;;;;;10013.0;0.0
1;18200;INTARIAN_PEPPER_ROOT;13011;10;13008;15;;;13025;10;13028;15;;;13018.0;0.0
1;18300;INTARIAN_PEPPER_ROOT;13011;12;13008;17;;;13025;12;13029;17;;;13018.0;0.0
1;18300;ASH_COATED_OSMIUM;9997;11;9995;28;;;10013;11;10016;28;;;10005.0;0.0
1;18400;INTARIAN_PEPPER_ROOT;13011;11;13008;25;;;13025;11;13029;25;;;13018.0;0.0
1;18400;ASH_COATED_OSMIUM;9997;10;9995;22;;;10013;10;10016;22;;;10005.0;0.0
1;18500;INTARIAN_PEPPER_ROOT;13011;10;13008;20;;;13026;10;13029;20;;;13018.5;0.0
1;18500;ASH_COATED_OSMIUM;9997;11;;;;;10016;25;;;;;10006.5;0.0
1;18600;ASH_COATED_OSMIUM;9997;11;9995;25;;;10013;11;;;;;10005.0;0.0
1;18600;INTARIAN_PEPPER_ROOT;13012;11;13008;25;;;13026;11;13029;25;;;13019.0;0.0
1;18700;INTARIAN_PEPPER_ROOT;13008;21;;;;;13026;9;13029;21;;;13017.0;0.0
1;18700;ASH_COATED_OSMIUM;9997;13;9995;20;;;10007;2;10013;13;10016;20;10002.0;0.0
1;18800;INTARIAN_PEPPER_ROOT;13009;21;;;;;13026;8;13029;21;;;13017.5;0.0
1;18800;ASH_COATED_OSMIUM;9997;13;9995;29;;;10013;13;10016;29;;;10005.0;0.0
1;18900;INTARIAN_PEPPER_ROOT;13012;10;13009;23;;;13029;23;;;;;13020.5;0.0
1;18900;ASH_COATED_OSMIUM;9997;12;9994;30;;;10006;5;10013;12;10015;30;10001.5;0.0
1;19000;ASH_COATED_OSMIUM;9994;27;;;;;10013;10;10015;27;;;10003.5;0.0
1;19000;INTARIAN_PEPPER_ROOT;13012;12;;;;;13026;12;13029;18;;;13019.0;0.0
1;19100;INTARIAN_PEPPER_ROOT;13012;11;;;;;13026;11;;;;;13019.0;0.0
1;19100;ASH_COATED_OSMIUM;9997;13;9995;29;;;10013;13;10016;29;;;10005.0;0.0
1;19200;INTARIAN_PEPPER_ROOT;13009;16;;;;;13026;9;13029;16;;;13017.5;0.0
1;19200;ASH_COATED_OSMIUM;9995;23;;;;;10016;23;;;;;10005.5;0.0
1;19300;INTARIAN_PEPPER_ROOT;;;;;;;13026;8;13030;23;;;13026.0;0.0
1;19300;ASH_COATED_OSMIUM;;;;;;;10013;15;10015;22;;;10013.0;0.0
1;19400;ASH_COATED_OSMIUM;9997;14;9994;24;;;10013;14;10015;24;;;10005.0;0.0
1;19400;INTARIAN_PEPPER_ROOT;;;;;;;13026;8;13030;22;;;13026.0;0.0
1;19500;INTARIAN_PEPPER_ROOT;13012;8;13009;19;;;13030;19;;;;;13021.0;0.0
1;19500;ASH_COATED_OSMIUM;9997;11;9995;23;;;10013;11;10016;23;;;10005.0;0.0
1;19600;INTARIAN_PEPPER_ROOT;13009;23;;;;;13027;9;13030;23;;;13018.0;0.0
1;19600;ASH_COATED_OSMIUM;9997;11;9995;26;;;10013;11;;;;;10005.0;0.0
1;19700;INTARIAN_PEPPER_ROOT;13013;10;;;;;13027;10;13030;22;;;13020.0;0.0
1;19700;ASH_COATED_OSMIUM;9997;15;9994;25;;;;;;;;;9997.0;0.0
1;19800;INTARIAN_PEPPER_ROOT;13010;16;;;;;13027;10;13030;16;;;13018.5;0.0
1;19800;ASH_COATED_OSMIUM;9996;14;9994;29;;;10012;14;;;;;10004.0;0.0
1;19900;ASH_COATED_OSMIUM;9996;10;9993;26;;;10012;10;10014;26;;;10004.0;0.0
1;19900;INTARIAN_PEPPER_ROOT;13013;12;;;;;13022;11;13027;12;13030;15;13017.5;0.0
1;20000;INTARIAN_PEPPER_ROOT;13013;11;13010;24;;;13030;24;;;;;13021.5;0.0
1;20000;ASH_COATED_OSMIUM;9996;14;9993;21;;;10012;14;10014;21;;;10004.0;0.0
1;20100;INTARIAN_PEPPER_ROOT;13013;11;13010;15;;;13030;15;;;;;13021.5;0.0
1;20100;ASH_COATED_OSMIUM;;;;;;;10014;30;;;;;10014.0;0.0
1;20200;INTARIAN_PEPPER_ROOT;13013;8;13010;15;;;13027;8;13030;15;;;13020.0;0.0
1;20200;ASH_COATED_OSMIUM;;;;;;;10012;14;10015;26;;;10012.0;0.0
1;20300;ASH_COATED_OSMIUM;9996;11;9993;26;;;10014;26;;;;;10005.0;0.0
1;20300;INTARIAN_PEPPER_ROOT;13013;12;13010;22;;;13031;22;;;;;13022.0;0.0
1;20400;INTARIAN_PEPPER_ROOT;13013;8;;;;;13031;17;;;;;13022.0;0.0
1;20400;ASH_COATED_OSMIUM;9995;11;9993;27;;;10011;11;10014;27;;;10003.0;0.0
1;20500;INTARIAN_PEPPER_ROOT;13013;12;13010;22;;;13028;12;;;;;13020.5;0.0
1;20500;ASH_COATED_OSMIUM;9995;10;9993;28;;;10011;10;10014;28;;;10003.0;0.0
1;20600;INTARIAN_PEPPER_ROOT;13014;10;13010;16;;;13028;10;13031;16;;;13021.0;0.0
1;20600;ASH_COATED_OSMIUM;9995;13;9993;25;;;;;;;;;9995.0;0.0
1;20700;ASH_COATED_OSMIUM;9994;15;9992;20;;;10010;15;10013;20;;;10002.0;0.0
1;20700;INTARIAN_PEPPER_ROOT;13014;8;13010;15;;;13028;8;13031;15;;;13021.0;0.0
1;20800;INTARIAN_PEPPER_ROOT;13014;9;;;;;13031;25;;;;;13022.5;0.0
1;20800;ASH_COATED_OSMIUM;9995;10;9992;23;;;10011;10;10013;23;;;10003.0;0.0
1;20900;INTARIAN_PEPPER_ROOT;13014;9;13011;22;;;13031;22;;;;;13022.5;0.0
1;20900;ASH_COATED_OSMIUM;9992;20;;;;;10011;14;10013;20;;;10001.5;0.0
1;21000;INTARIAN_PEPPER_ROOT;13014;10;13011;17;;;13028;10;13031;17;;;13021.0;0.0
1;21000;ASH_COATED_OSMIUM;9994;10;9992;21;;;10013;21;;;;;10003.5;0.0
1;21100;ASH_COATED_OSMIUM;9994;11;9992;26;;;10010;11;10013;26;;;10002.0;0.0
1;21100;INTARIAN_PEPPER_ROOT;13014;10;13011;18;;;13028;10;13031;18;;;13021.0;0.0
1;21200;INTARIAN_PEPPER_ROOT;13014;12;13011;23;;;13028;12;13031;23;;;13021.0;0.0
1;21200;ASH_COATED_OSMIUM;9994;12;9992;25;;;10004;5;10010;12;10013;25;9999.0;0.0
1;21300;INTARIAN_PEPPER_ROOT;13014;10;13011;17;;;13028;10;;;;;13021.0;0.0
1;21300;ASH_COATED_OSMIUM;;;;;;;10011;14;10013;30;;;10011.0;0.0
1;21400;ASH_COATED_OSMIUM;9995;12;9992;24;;;10011;12;10013;24;;;10003.0;0.0
1;21400;INTARIAN_PEPPER_ROOT;13014;10;13011;23;;;13028;10;;;;;13021.0;0.0
1;21500;ASH_COATED_OSMIUM;9996;15;9993;29;;;10014;29;;;;;10005.0;0.0
1;21500;INTARIAN_PEPPER_ROOT;13014;9;13011;20;;;13029;9;;;;;13021.5;0.0
1;21600;ASH_COATED_OSMIUM;;;;;;;10011;14;10014;27;;;10011.0;0.0
1;21600;INTARIAN_PEPPER_ROOT;13011;22;;;;;13029;8;13032;22;;;13020.0;0.0
1;21700;INTARIAN_PEPPER_ROOT;13015;8;13011;23;;;13029;8;13032;23;;;13022.0;0.0
1;21700;ASH_COATED_OSMIUM;;;;;;;;;;;;;0.0;0.0
1;21800;ASH_COATED_OSMIUM;9996;10;9993;23;;;10012;10;10014;23;;;10004.0;0.0
1;21800;INTARIAN_PEPPER_ROOT;13015;8;13012;24;;;13029;8;13032;24;;;13022.0;0.0
1;21900;ASH_COATED_OSMIUM;9995;13;9993;29;;;10014;29;;;;;10004.5;0.0
1;21900;INTARIAN_PEPPER_ROOT;13012;15;;;;;13029;8;13032;15;;;13020.5;0.0
1;22000;ASH_COATED_OSMIUM;9993;27;;;;;10014;27;;;;;10003.5;0.0
1;22000;INTARIAN_PEPPER_ROOT;13015;9;13012;17;;;13029;9;13032;17;;;13022.0;0.0
1;22100;INTARIAN_PEPPER_ROOT;13015;12;;;;;13029;12;13032;21;;;13022.0;0.0
1;22100;ASH_COATED_OSMIUM;9993;29;;;;;10012;11;10014;29;;;10002.5;0.0
1;22200;INTARIAN_PEPPER_ROOT;13015;12;13012;16;;;13032;16;;;;;13023.5;0.0
1;22200;ASH_COATED_OSMIUM;9995;11;9993;28;;;10011;11;;;;;10003.0;0.0
1;22300;ASH_COATED_OSMIUM;9995;15;;;;;10011;15;10014;28;;;10003.0;0.0
1;22300;INTARIAN_PEPPER_ROOT;13015;12;13012;23;;;13029;12;13033;23;;;13022.0;0.0
1;22400;INTARIAN_PEPPER_ROOT;13015;10;13012;25;;;13029;10;13033;25;;;13022.0;0.0
1;22400;ASH_COATED_OSMIUM;9993;26;;;;;10011;11;;;;;10002.0;0.0
1;22500;INTARIAN_PEPPER_ROOT;13015;10;13012;25;;;13030;10;13033;25;;;13022.5;0.0
1;22500;ASH_COATED_OSMIUM;9995;14;9993;27;;;10011;14;10014;27;;;10003.0;0.0
1;22600;INTARIAN_PEPPER_ROOT;13016;9;13012;17;;;13030;9;;;;;13023.0;0.0
1;22600;ASH_COATED_OSMIUM;9995;11;9993;28;;;10011;11;10014;28;;;10003.0;0.0
1;22700;ASH_COATED_OSMIUM;9995;10;;;;;10011;10;10014;30;;;10003.0;0.0
1;22700;INTARIAN_PEPPER_ROOT;13016;9;13012;19;;;13030;9;13033;19;;;13023.0;0.0
1;22800;INTARIAN_PEPPER_ROOT;13016;11;13013;19;;;13033;19;;;;;13024.5;0.0
1;22800;ASH_COATED_OSMIUM;9995;14;9993;25;;;10014;25;;;;;10004.5;0.0
1;22900;INTARIAN_PEPPER_ROOT;13013;25;;;;;13030;10;13033;25;;;13021.5;0.0
1;22900;ASH_COATED_OSMIUM;9993;26;;;;;10012;11;10014;26;;;10002.5;0.0
1;23000;INTARIAN_PEPPER_ROOT;13016;11;13013;20;;;13030;11;;;;;13023.0;0.0
1;23000;ASH_COATED_OSMIUM;9995;12;9993;22;;;10011;12;;;;;10003.0;0.0
1;23100;ASH_COATED_OSMIUM;9995;13;9993;29;;;10011;13;10014;29;;;10003.0;0.0
1;23100;INTARIAN_PEPPER_ROOT;13016;10;;;;;13019;4;13033;23;;;13017.5;0.0
1;23200;INTARIAN_PEPPER_ROOT;13016;10;13013;22;;;13033;22;;;;;13024.5;0.0
1;23200;ASH_COATED_OSMIUM;9996;14;9993;27;;;10001;7;10005;2;;;9998.5;0.0
1;23300;INTARIAN_PEPPER_ROOT;13016;8;13013;23;;;13030;8;13034;23;;;13023.0;0.0
1;23300;ASH_COATED_OSMIUM;9996;12;9994;26;;;10012;12;10015;26;;;10004.0;0.0
1;23400;INTARIAN_PEPPER_ROOT;13016;10;13013;23;;;13034;23;;;;;13025.0;0.0
1;23400;ASH_COATED_OSMIUM;9996;11;9994;28;;;;;;;;;9996.0;0.0
1;23500;ASH_COATED_OSMIUM;9996;11;9993;28;;;10012;11;10014;28;;;10004.0;0.0
1;23500;INTARIAN_PEPPER_ROOT;13016;9;;;;;13031;9;13034;21;;;13023.5;0.0
1;23600;INTARIAN_PEPPER_ROOT;13017;10;13013;18;;;13031;10;13034;18;;;13024.0;0.0
1;23600;ASH_COATED_OSMIUM;9996;15;9994;21;;;10012;15;;;;;10004.0;0.0
1;23700;INTARIAN_PEPPER_ROOT;13017;8;13013;16;;;13031;8;13034;16;;;13024.0;0.0
1;23700;ASH_COATED_OSMIUM;9993;30;;;;;10012;11;10014;30;;;10002.5;0.0
1;23800;INTARIAN_PEPPER_ROOT;13017;9;13014;18;;;13031;9;13034;18;;;13024.0;0.0
1;23800;ASH_COATED_OSMIUM;9993;27;;;;;;;;;;;9993.0;0.0
1;23900;ASH_COATED_OSMIUM;9996;15;9994;29;;;10015;29;;;;;10005.5;0.0
1;23900;INTARIAN_PEPPER_ROOT;13017;12;13014;19;;;13031;12;13034;19;;;13024.0;0.0
1;24000;INTARIAN_PEPPER_ROOT;13017;9;;;;;13031;9;13034;19;;;13024.0;0.0
1;24000;ASH_COATED_OSMIUM;9993;23;;;;;10012;12;10014;23;;;10002.5;0.0
1;24100;INTARIAN_PEPPER_ROOT;13017;10;;;;;13031;10;13034;22;;;13024.0;0.0
1;24100;ASH_COATED_OSMIUM;9996;12;9993;23;;;10012;12;10014;23;;;10004.0;0.0
1;24200;INTARIAN_PEPPER_ROOT;13017;9;13014;20;;;13031;9;13034;20;;;13024.0;0.0
1;24200;ASH_COATED_OSMIUM;9995;11;9993;30;;;10011;11;10014;30;;;10003.0;0.0
1;24300;ASH_COATED_OSMIUM;9995;12;9993;30;;;10011;12;10014;30;;;10003.0;0.0
1;24300;INTARIAN_PEPPER_ROOT;13014;17;;;;;13031;12;13035;17;;;13022.5;0.0
1;24400;ASH_COATED_OSMIUM;9995;14;;;;;10014;20;;;;;10004.5;0.0
1;24400;INTARIAN_PEPPER_ROOT;13017;10;13014;22;;;13031;10;13035;22;;;13024.0;0.0
1;24500;INTARIAN_PEPPER_ROOT;13017;12;13014;15;;;13035;15;;;;;13026.0;0.0
1;24500;ASH_COATED_OSMIUM;9995;11;9993;24;;;10011;11;10014;24;;;10003.0;0.0
1;24600;ASH_COATED_OSMIUM;9995;14;9992;23;;;10011;14;10013;23;;;10003.0;0.0
1;24600;INTARIAN_PEPPER_ROOT;13018;8;13014;17;;;13035;17;;;;;13026.5;0.0
1;24700;ASH_COATED_OSMIUM;9995;12;9992;22;;;10011;12;10013;22;;;10003.0;0.0
1;24700;INTARIAN_PEPPER_ROOT;13014;18;;;;;13032;12;13035;18;;;13023.0;0.0
1;24800;ASH_COATED_OSMIUM;9992;20;;;;;10011;11;10013;20;;;10001.5;0.0
1;24800;INTARIAN_PEPPER_ROOT;13018;11;13015;17;;;13035;17;;;;;13026.5;0.0
1;24900;INTARIAN_PEPPER_ROOT;13018;11;13015;17;;;13032;11;13035;17;;;13025.0;0.0
1;24900;ASH_COATED_OSMIUM;9995;11;9993;28;;;10011;11;;;;;10003.0;0.0
1;25000;ASH_COATED_OSMIUM;9996;14;;;;;10012;14;10014;25;;;10004.0;0.0
1;25000;INTARIAN_PEPPER_ROOT;13018;11;;;;;13032;11;13035;15;;;13025.0;0.0
1;25100;ASH_COATED_OSMIUM;10005;8;9993;30;;;10012;10;10014;30;;;10008.5;0.0
1;25100;INTARIAN_PEPPER_ROOT;13018;12;13015;19;;;13032;12;;;;;13025.0;0.0
1;25200;ASH_COATED_OSMIUM;9995;10;9993;24;;;10011;10;10014;24;;;10003.0;0.0
1;25200;INTARIAN_PEPPER_ROOT;13018;8;;;;;13032;8;13035;17;;;13025.0;0.0
1;25300;INTARIAN_PEPPER_ROOT;13018;10;13015;25;;;13032;10;13036;25;;;13025.0;0.0
1;25300;ASH_COATED_OSMIUM;9995;11;9993;28;;;10011;11;10014;28;;;10003.0;0.0
1;25400;ASH_COATED_OSMIUM;9994;14;9992;28;;;10013;28;;;;;10003.5;0.0
1;25400;INTARIAN_PEPPER_ROOT;13018;11;13015;25;;;13036;25;;;;;13027.0;0.0
1;25500;ASH_COATED_OSMIUM;9994;11;9992;22;;;10010;11;10013;22;;;10002.0;0.0
1;25500;INTARIAN_PEPPER_ROOT;13018;10;;;;;13033;10;13036;24;;;13025.5;0.0
1;25600;ASH_COATED_OSMIUM;9994;14;9992;24;;;10010;14;10013;24;;;10002.0;0.0
1;25600;INTARIAN_PEPPER_ROOT;13019;8;;;;;13033;8;13036;22;;;13026.0;0.0
1;25700;INTARIAN_PEPPER_ROOT;13015;22;;;;;13033;8;13036;22;;;13024.0;0.0
1;25700;ASH_COATED_OSMIUM;9994;14;9991;21;;;10010;14;;;;;10002.0;0.0
1;25800;INTARIAN_PEPPER_ROOT;13019;10;13016;18;;;13033;10;;;;;13026.0;0.0
1;25800;ASH_COATED_OSMIUM;9991;20;;;;;10010;15;;;;;10000.5;0.0
1;25900;ASH_COATED_OSMIUM;9993;12;9991;30;;;10009;12;10012;30;;;10001.0;0.0
1;25900;INTARIAN_PEPPER_ROOT;13019;9;13016;17;;;13033;9;13036;17;;;13026.0;0.0
1;26000;ASH_COATED_OSMIUM;9994;13;9991;21;;;10010;13;10012;21;;;10002.0;0.0
1;26000;INTARIAN_PEPPER_ROOT;13019;9;13016;25;;;13033;9;;;;;13026.0;0.0
1;26100;ASH_COATED_OSMIUM;9993;10;9990;28;;;10009;10;10011;28;;;10001.0;0.0
1;26100;INTARIAN_PEPPER_ROOT;13019;9;13016;21;;;13033;9;13036;21;;;13026.0;0.0
1;26200;INTARIAN_PEPPER_ROOT;13019;10;13016;19;;;13033;10;13036;19;;;13026.0;0.0
1;26200;ASH_COATED_OSMIUM;9993;15;;;;;10009;15;;;;;10001.0;0.0
1;26300;ASH_COATED_OSMIUM;9999;3;9993;13;9991;22;10009;13;;;;;10004.0;0.0
1;26300;INTARIAN_PEPPER_ROOT;13019;11;13016;18;;;13033;11;13037;18;;;13026.0;0.0
1;26400;ASH_COATED_OSMIUM;9990;23;;;;;10009;13;10011;23;;;9999.5;0.0
1;26400;INTARIAN_PEPPER_ROOT;13019;12;13016;15;;;13033;12;13037;15;;;13026.0;0.0
1;26500;INTARIAN_PEPPER_ROOT;13019;8;13016;21;;;13034;8;13037;21;;;13026.5;0.0
1;26500;ASH_COATED_OSMIUM;9990;27;;;;;10011;27;;;;;10000.5;0.0
1;26600;INTARIAN_PEPPER_ROOT;13016;15;;;;;13034;11;13037;15;;;13025.0;0.0
1;26600;ASH_COATED_OSMIUM;9990;27;;;;;;;;;;;9990.0;0.0
1;26700;INTARIAN_PEPPER_ROOT;13020;10;13016;23;;;;;;;;;13020.0;0.0
1;26700;ASH_COATED_OSMIUM;9993;10;;;;;10009;10;;;;;10001.0;0.0
1;26800;ASH_COATED_OSMIUM;9993;15;9990;24;;;9998;8;10011;24;;;9995.5;0.0
1;26800;INTARIAN_PEPPER_ROOT;13020;12;13017;15;;;13034;12;13037;15;;;13027.0;0.0
1;26900;INTARIAN_PEPPER_ROOT;13020;9;;;;;13034;9;13037;18;;;13027.0;0.0
1;26900;ASH_COATED_OSMIUM;9992;10;;;;;10002;2;10008;10;10011;30;9997.0;0.0
1;27000;INTARIAN_PEPPER_ROOT;13020;8;;;;;13034;8;;;;;13027.0;0.0
1;27000;ASH_COATED_OSMIUM;9993;11;9990;26;;;10009;11;10011;26;;;10001.0;0.0
1;27100;INTARIAN_PEPPER_ROOT;13020;9;13017;19;;;13034;9;13037;19;;;13027.0;0.0
1;27100;ASH_COATED_OSMIUM;9993;10;9990;21;;;10009;10;;;;;10001.0;0.0
1;27200;ASH_COATED_OSMIUM;9992;13;;;;;10008;13;10011;22;;;10000.0;0.0
1;27200;INTARIAN_PEPPER_ROOT;13020;12;;;;;13034;12;13037;15;;;13027.0;0.0
1;27300;INTARIAN_PEPPER_ROOT;13020;10;13017;19;;;13034;10;13038;19;;;13027.0;0.0
1;27300;ASH_COATED_OSMIUM;9989;26;;;;;10008;10;10010;26;;;9998.5;0.0
1;27400;INTARIAN_PEPPER_ROOT;13020;12;13017;17;;;13034;12;;;;;13027.0;0.0
1;27400;ASH_COATED_OSMIUM;9992;15;9989;27;;;10008;15;10010;27;;;10000.0;0.0
1;27500;INTARIAN_PEPPER_ROOT;13020;11;13017;15;;;13035;11;13038;15;;;13027.5;0.0
1;27500;ASH_COATED_OSMIUM;9991;10;9989;26;;;10007;10;10010;26;;;9999.0;0.0
1;27600;ASH_COATED_OSMIUM;9989;25;;;;;10008;11;10010;25;;;9998.5;0.0
1;27600;INTARIAN_PEPPER_ROOT;13021;10;13017;25;;;13038;25;;;;;13029.5;0.0
1;27700;INTARIAN_PEPPER_ROOT;13021;8;13017;25;;;13035;8;;;;;13028.0;0.0
1;27700;ASH_COATED_OSMIUM;9992;10;;;;;10008;10;10010;22;;;10000.0;0.0
1;27800;INTARIAN_PEPPER_ROOT;13021;10;13018;17;;;13035;10;13038;17;;;13028.0;0.0
1;27800;ASH_COATED_OSMIUM;9989;22;;;;;10008;15;10010;22;;;9998.5;0.0
1;27900;INTARIAN_PEPPER_ROOT;13021;9;13018;18;;;13035;9;13038;18;;;13028.0;0.0
1;27900;ASH_COATED_OSMIUM;9992;14;9989;22;;;10008;14;10010;22;;;10000.0;0.0
1;28000;ASH_COATED_OSMIUM;10001;4;9992;15;9989;26;10008;15;10010;26;;;10004.5;0.0
1;28000;INTARIAN_PEPPER_ROOT;13021;12;13018;23;;;13035;12;13038;23;;;13028.0;0.0
1;28100;INTARIAN_PEPPER_ROOT;13021;10;13018;20;;;13038;20;;;;;13029.5;0.0
1;28100;ASH_COATED_OSMIUM;9990;22;;;;;10011;22;;;;;10000.5;0.0
1;28200;INTARIAN_PEPPER_ROOT;13021;12;13018;22;;;13035;12;13038;22;;;13028.0;0.0
1;28200;ASH_COATED_OSMIUM;9992;11;9990;23;;;10011;23;;;;;10001.5;0.0
1;28300;INTARIAN_PEPPER_ROOT;13021;8;13018;25;;;13039;25;;;;;13030.0;0.0
1;28300;ASH_COATED_OSMIUM;9992;13;9989;21;;;10008;13;10010;21;;;10000.0;0.0
1;28400;ASH_COATED_OSMIUM;9992;10;9989;21;;;10008;10;10010;21;;;10000.0;0.0
1;28400;INTARIAN_PEPPER_ROOT;13021;10;;;;;13035;10;13039;16;;;13028.0;0.0
1;28500;INTARIAN_PEPPER_ROOT;13021;11;;;;;13039;21;;;;;13030.0;0.0
1;28500;ASH_COATED_OSMIUM;9992;11;9989;26;;;10008;11;;;;;10000.0;0.0
1;28600;INTARIAN_PEPPER_ROOT;13022;10;13018;17;;;13036;10;13039;17;;;13029.0;0.0
1;28600;ASH_COATED_OSMIUM;9991;15;9989;28;;;10007;15;10010;28;;;9999.0;0.0
1;28700;INTARIAN_PEPPER_ROOT;13026;11;13022;10;13018;19;13036;10;13039;19;;;13031.0;0.0
1;28700;ASH_COATED_OSMIUM;9991;11;9989;27;;;10010;27;;;;;10000.5;0.0
1;28800;INTARIAN_PEPPER_ROOT;13022;11;;;;;13036;11;;;;;13029.0;0.0
1;28800;ASH_COATED_OSMIUM;9991;15;9988;30;;;10007;15;;;;;9999.0;0.0
1;28900;ASH_COATED_OSMIUM;9991;14;;;;;10007;14;10009;23;;;9999.0;0.0
1;28900;INTARIAN_PEPPER_ROOT;13022;12;;;;;13039;23;;;;;13030.5;0.0
1;29000;INTARIAN_PEPPER_ROOT;13022;11;;;;;13036;11;13039;19;;;13029.0;0.0
1;29000;ASH_COATED_OSMIUM;9991;10;9989;25;;;10007;10;10010;25;;;9999.0;0.0
1;29100;INTARIAN_PEPPER_ROOT;13022;9;;;;;13036;9;;;;;13029.0;0.0
1;29100;ASH_COATED_OSMIUM;9991;11;9989;30;;;10007;11;10010;30;;;9999.0;0.0
1;29200;INTARIAN_PEPPER_ROOT;;;;;;;13039;24;;;;;13039.0;0.0
1;29200;ASH_COATED_OSMIUM;9991;14;9988;20;;;10007;14;10009;20;;;9999.0;0.0
1;29300;ASH_COATED_OSMIUM;9991;11;9988;21;;;10007;11;10009;21;;;9999.0;0.0
1;29300;INTARIAN_PEPPER_ROOT;13022;10;13019;21;;;13036;10;13040;21;;;13029.0;0.0
1;29400;INTARIAN_PEPPER_ROOT;13022;12;13019;21;;;13036;12;13040;21;;;13029.0;0.0
1;29400;ASH_COATED_OSMIUM;9991;15;9989;24;;;10007;15;10010;24;;;9999.0;0.0
1;29500;INTARIAN_PEPPER_ROOT;13022;11;;;;;13040;15;;;;;13031.0;0.0
1;29500;ASH_COATED_OSMIUM;9991;14;9988;23;;;10007;14;10009;23;;;9999.0;0.0
1;29600;INTARIAN_PEPPER_ROOT;13023;8;13019;18;;;13037;8;13040;18;;;13030.0;0.0
1;29600;ASH_COATED_OSMIUM;9991;10;;;;;10007;10;10009;27;;;9999.0;0.0
1;29700;ASH_COATED_OSMIUM;9988;29;;;;;10009;29;;;;;9998.5;0.0
1;29700;INTARIAN_PEPPER_ROOT;13023;10;13019;19;;;13037;10;13040;19;;;13030.0;0.0
1;29800;INTARIAN_PEPPER_ROOT;13023;10;;;;;13037;10;13040;25;;;13030.0;0.0
1;29800;ASH_COATED_OSMIUM;9991;15;9989;23;;;10007;15;10010;23;;;9999.0;0.0
1;29900;INTARIAN_PEPPER_ROOT;13023;11;13020;20;;;13037;11;13040;20;;;13030.0;0.0
1;29900;ASH_COATED_OSMIUM;;;;;;;10007;12;10010;25;;;10007.0;0.0
1;30000;INTARIAN_PEPPER_ROOT;13023;11;13020;23;;;13037;11;13040;23;;;13030.0;0.0
1;30000;ASH_COATED_OSMIUM;9991;13;9989;26;;;10010;26;;;;;10000.5;0.0
1;30100;ASH_COATED_OSMIUM;9991;13;9989;28;;;10007;13;10010;28;;;9999.0;0.0
1;30100;INTARIAN_PEPPER_ROOT;;;;;;;13040;20;;;;;13040.0;0.0
1;30200;ASH_COATED_OSMIUM;9992;13;9989;24;;;10008;13;10010;24;;;10000.0;0.0
1;30200;INTARIAN_PEPPER_ROOT;13023;12;13020;20;;;;;;;;;13023.0;0.0
1;30300;INTARIAN_PEPPER_ROOT;13023;11;13020;25;;;13037;11;13041;25;;;13030.0;0.0
1;30300;ASH_COATED_OSMIUM;9992;13;;;;;10008;13;;;;;10000.0;0.0
1;30400;ASH_COATED_OSMIUM;9992;15;9990;24;;;10008;15;10011;24;;;10000.0;0.0
1;30400;INTARIAN_PEPPER_ROOT;13023;11;13020;25;;;13037;11;13041;25;;;13030.0;0.0
1;30500;ASH_COATED_OSMIUM;;;;;;;10010;20;;;;;10010.0;0.0
1;30500;INTARIAN_PEPPER_ROOT;13023;10;13020;18;;;13041;18;;;;;13032.0;0.0
1;30600;ASH_COATED_OSMIUM;9989;25;;;;;10008;13;10010;25;;;9998.5;0.0
1;30600;INTARIAN_PEPPER_ROOT;13024;8;;;;;13038;8;;;;;13031.0;0.0
1;30700;INTARIAN_PEPPER_ROOT;13024;10;;;;;13038;10;13041;19;;;13031.0;0.0
1;30700;ASH_COATED_OSMIUM;9990;24;;;;;10008;15;10011;24;;;9999.0;0.0
1;30800;ASH_COATED_OSMIUM;9993;13;9990;29;;;10009;13;10011;29;;;10001.0;0.0
1;30800;INTARIAN_PEPPER_ROOT;13024;8;13021;21;;;13038;8;13041;21;;;13031.0;0.0
1;30900;ASH_COATED_OSMIUM;9992;14;9990;24;;;10011;24;;;;;10001.5;0.0
1;30900;INTARIAN_PEPPER_ROOT;13024;11;13021;22;;;13038;11;13041;22;;;13031.0;0.0
1;31000;INTARIAN_PEPPER_ROOT;13024;8;;;;;;;;;;;13024.0;0.0
1;31000;ASH_COATED_OSMIUM;9992;14;9990;30;;;10008;14;10011;30;;;10000.0;0.0
1;31100;INTARIAN_PEPPER_ROOT;13024;11;13021;17;;;13038;11;13041;17;;;13031.0;0.0
1;31100;ASH_COATED_OSMIUM;9990;26;;;;;10009;13;10011;26;;;9999.5;0.0
1;31200;INTARIAN_PEPPER_ROOT;13024;12;13021;25;;;13038;12;13041;25;;;13031.0;0.0
1;31200;ASH_COATED_OSMIUM;;;;;;;10008;15;10011;26;;;10008.0;0.0
1;31300;ASH_COATED_OSMIUM;9990;26;;;;;10009;15;;;;;9999.5;0.0
1;31300;INTARIAN_PEPPER_ROOT;13024;11;13021;23;;;13038;11;13042;23;;;13031.0;0.0
1;31400;INTARIAN_PEPPER_ROOT;13024;12;13021;22;;;13038;12;13042;22;;;13031.0;0.0
1;31400;ASH_COATED_OSMIUM;9992;12;9990;23;;;10008;12;10011;23;;;10000.0;0.0
1;31500;INTARIAN_PEPPER_ROOT;13024;9;13021;15;;;13039;9;13042;15;;;13031.5;0.0
1;31500;ASH_COATED_OSMIUM;9990;26;;;;;10008;12;;;;;9999.0;0.0
1;31600;INTARIAN_PEPPER_ROOT;13025;12;13021;21;;;13039;12;13042;21;;;13032.0;0.0
1;31600;ASH_COATED_OSMIUM;9992;12;9989;20;;;10008;12;10010;20;;;10000.0;0.0
1;31700;ASH_COATED_OSMIUM;9992;14;;;;;10010;20;;;;;10001.0;0.0
1;31700;INTARIAN_PEPPER_ROOT;13025;11;;;;;13042;21;;;;;13033.5;0.0
1;31800;INTARIAN_PEPPER_ROOT;13025;10;13022;21;;;13039;10;13042;21;;;13032.0;0.0
1;31800;ASH_COATED_OSMIUM;9991;10;9989;29;;;10007;10;10010;29;;;9999.0;0.0
1;31900;INTARIAN_PEPPER_ROOT;13025;10;;;;;13039;10;;;;;13032.0;0.0
1;31900;ASH_COATED_OSMIUM;9991;10;9989;27;;;10010;27;;;;;10000.5;0.0
1;32000;INTARIAN_PEPPER_ROOT;13025;8;13022;22;;;13039;8;13042;22;;;13032.0;0.0
1;32000;ASH_COATED_OSMIUM;9992;11;9989;27;;;10010;27;;;;;10001.0;0.0
1;32100;ASH_COATED_OSMIUM;9992;13;9989;20;;;10008;13;10010;20;;;10000.0;0.0
1;32100;INTARIAN_PEPPER_ROOT;13022;23;;;;;13039;8;13042;23;;;13030.5;0.0
1;32200;INTARIAN_PEPPER_ROOT;13022;21;;;;;13039;10;13042;21;;;13030.5;0.0
1;32200;ASH_COATED_OSMIUM;9992;12;9989;20;;;10010;20;;;;;10001.0;0.0
1;32300;INTARIAN_PEPPER_ROOT;13025;12;13022;15;;;13043;15;;;;;13034.0;0.0
1;32300;ASH_COATED_OSMIUM;9990;27;;;;;10008;10;10011;27;;;9999.0;0.0
1;32400;INTARIAN_PEPPER_ROOT;13025;8;;;;;13039;8;13043;22;;;13032.0;0.0
1;32400;ASH_COATED_OSMIUM;9993;12;9990;28;;;10009;12;;;;;10001.0;0.0
1;32500;ASH_COATED_OSMIUM;9993;15;9990;29;;;10009;15;;;;;10001.0;0.0
1;32500;INTARIAN_PEPPER_ROOT;13036;4;13022;19;;;13040;9;13043;19;;;13038.0;0.0
1;32600;INTARIAN_PEPPER_ROOT;13026;8;13022;19;;;13040;8;13043;19;;;13033.0;0.0
1;32600;ASH_COATED_OSMIUM;9990;23;;;;;10009;14;10011;23;;;9999.5;0.0
1;32700;INTARIAN_PEPPER_ROOT;13026;9;13022;25;;;13040;9;13043;25;;;13033.0;0.0
1;32700;ASH_COATED_OSMIUM;9993;11;9990;21;;;10009;11;10011;21;;;10001.0;0.0
1;32800;INTARIAN_PEPPER_ROOT;13026;11;13023;24;;;;;;;;;13026.0;0.0
1;32800;ASH_COATED_OSMIUM;9992;12;9990;24;;;9998;9;10008;12;;;9995.0;0.0
1;32900;ASH_COATED_OSMIUM;9992;10;9989;28;;;10010;28;;;;;10001.0;0.0
1;32900;INTARIAN_PEPPER_ROOT;13026;10;13023;16;;;13040;10;13043;16;;;13033.0;0.0
1;33000;INTARIAN_PEPPER_ROOT;13026;9;;;;;13040;9;13043;21;;;13033.0;0.0
1;33000;ASH_COATED_OSMIUM;9990;22;;;;;10011;22;;;;;10000.5;0.0
1;33100;INTARIAN_PEPPER_ROOT;13026;11;13023;25;;;13040;11;;;;;13033.0;0.0
1;33100;ASH_COATED_OSMIUM;;;;;;;10008;10;;;;;10008.0;0.0
1;33200;ASH_COATED_OSMIUM;9992;12;9990;27;;;10008;12;;;;;10000.0;0.0
1;33200;INTARIAN_PEPPER_ROOT;13026;9;13023;17;;;13040;9;13043;17;;;13033.0;0.0
1;33300;ASH_COATED_OSMIUM;9993;13;9991;25;;;10012;25;;;;;10002.5;0.0
1;33300;INTARIAN_PEPPER_ROOT;13037;7;13026;8;;;13040;8;13044;20;;;13038.5;0.0
1;33400;ASH_COATED_OSMIUM;9993;13;9991;20;;;9999;9;;;;;9996.0;0.0
1;33400;INTARIAN_PEPPER_ROOT;13026;9;13023;23;;;13040;9;13044;23;;;13033.0;0.0
1;33500;INTARIAN_PEPPER_ROOT;13026;8;13023;18;;;13041;8;13044;18;;;13033.5;0.0
1;33500;ASH_COATED_OSMIUM;9993;14;9990;25;;;10009;14;10011;25;;;10001.0;0.0
1;33600;ASH_COATED_OSMIUM;9991;26;;;;;10009;10;10012;26;;;10000.0;0.0
1;33600;INTARIAN_PEPPER_ROOT;13027;11;13023;22;;;13036;12;13041;11;13044;22;13031.5;0.0
1;33700;ASH_COATED_OSMIUM;9994;13;9992;27;;;10010;13;10013;27;;;10002.0;0.0
1;33700;INTARIAN_PEPPER_ROOT;13027;10;13023;19;;;13041;10;13044;19;;;13034.0;0.0
1;33800;ASH_COATED_OSMIUM;9994;12;9992;24;;;10010;12;10013;24;;;10002.0;0.0
1;33800;INTARIAN_PEPPER_ROOT;13027;9;13024;22;;;13041;9;13044;22;;;13034.0;0.0
1;33900;INTARIAN_PEPPER_ROOT;;;;;;;13041;10;13044;15;;;13041.0;0.0
1;33900;ASH_COATED_OSMIUM;9994;10;9992;20;;;10010;10;10013;20;;;10002.0;0.0
1;34000;ASH_COATED_OSMIUM;9994;11;9991;25;;;10010;11;10012;25;;;10002.0;0.0
1;34000;INTARIAN_PEPPER_ROOT;13027;8;13024;20;;;13041;8;13044;20;;;13034.0;0.0
1;34100;ASH_COATED_OSMIUM;9994;13;9991;29;;;10010;13;;;;;10002.0;0.0
1;34100;INTARIAN_PEPPER_ROOT;13027;11;13024;25;;;13041;11;13044;25;;;13034.0;0.0
1;34200;ASH_COATED_OSMIUM;9991;21;;;;;10010;14;10012;21;;;10000.5;0.0
1;34200;INTARIAN_PEPPER_ROOT;13027;12;;;;;13044;16;;;;;13035.5;0.0
1;34300;INTARIAN_PEPPER_ROOT;13027;9;13024;23;;;13041;9;13045;23;;;13034.0;0.0
1;34300;ASH_COATED_OSMIUM;9994;10;9991;30;;;10010;10;10012;30;;;10002.0;0.0
1;34400;ASH_COATED_OSMIUM;9994;15;9991;25;;;10010;15;10012;25;;;10002.0;0.0
1;34400;INTARIAN_PEPPER_ROOT;13027;8;13024;15;;;13041;8;13045;15;;;13034.0;0.0
1;34500;ASH_COATED_OSMIUM;9994;15;;;;;10012;21;;;;;10003.0;0.0
1;34500;INTARIAN_PEPPER_ROOT;13027;8;13024;19;;;13045;19;;;;;13036.0;0.0
1;34600;ASH_COATED_OSMIUM;9993;10;;;;;10009;10;10012;20;;;10001.0;0.0
1;34600;INTARIAN_PEPPER_ROOT;;;;;;;13042;12;13045;20;;;13042.0;0.0
1;34700;ASH_COATED_OSMIUM;9993;15;9991;29;;;10009;15;10012;29;;;10001.0;0.0
1;34700;INTARIAN_PEPPER_ROOT;13028;9;13024;16;;;13042;9;;;;;13035.0;0.0
1;34800;INTARIAN_PEPPER_ROOT;13028;8;;;;;13042;8;13045;18;;;13035.0;0.0
1;34800;ASH_COATED_OSMIUM;9994;15;;;;;10010;15;10013;27;;;10002.0;0.0
1;34900;ASH_COATED_OSMIUM;9994;12;;;;;10010;12;;;;;10002.0;0.0
1;34900;INTARIAN_PEPPER_ROOT;13028;9;13025;19;;;13045;19;;;;;13036.5;0.0
1;35000;ASH_COATED_OSMIUM;9992;24;;;;;10010;13;10013;24;;;10001.0;0.0
1;35000;INTARIAN_PEPPER_ROOT;13025;20;;;;;13042;8;13045;20;;;13033.5;0.0
1;35100;ASH_COATED_OSMIUM;9994;11;;;;;10012;20;;;;;10003.0;0.0
1;35100;INTARIAN_PEPPER_ROOT;13025;25;;;;;;;;;;;13025.0;0.0
1;35200;INTARIAN_PEPPER_ROOT;13028;12;13025;15;;;13042;12;13045;15;;;13035.0;0.0
1;35200;ASH_COATED_OSMIUM;9994;14;9992;20;;;10010;14;10013;20;;;10002.0;0.0
1;35300;ASH_COATED_OSMIUM;9994;15;9992;30;;;10010;15;10013;30;;;10002.0;0.0
1;35300;INTARIAN_PEPPER_ROOT;13028;8;13025;25;;;13042;8;13046;25;;;13035.0;0.0
1;35400;ASH_COATED_OSMIUM;;;;;;;10011;12;10013;25;;;10011.0;0.0
1;35400;INTARIAN_PEPPER_ROOT;13028;8;13025;20;;;13042;8;13046;20;;;13035.0;0.0
1;35500;INTARIAN_PEPPER_ROOT;13028;8;;;;;13043;8;;;;;13035.5;0.0
1;35500;ASH_COATED_OSMIUM;9994;13;;;;;10010;13;10013;20;;;10002.0;0.0
1;35600;INTARIAN_PEPPER_ROOT;13029;8;;;;;13046;18;;;;;13037.5;0.0
1;35600;ASH_COATED_OSMIUM;9994;13;9992;20;;;10010;13;10013;20;;;10002.0;0.0
1;35700;INTARIAN_PEPPER_ROOT;13039;3;13029;9;13025;20;13043;9;13046;20;;;13041.0;0.0
1;35700;ASH_COATED_OSMIUM;9994;11;;;;;10010;11;10013;22;;;10002.0;0.0
1;35800;ASH_COATED_OSMIUM;9995;10;9992;26;;;10011;10;10013;26;;;10003.0;0.0
1;35800;INTARIAN_PEPPER_ROOT;13026;19;;;;;13031;7;13043;9;13046;19;13028.5;0.0
1;35900;INTARIAN_PEPPER_ROOT;13029;11;13026;20;;;13043;11;13046;20;;;13036.0;0.0
1;35900;ASH_COATED_OSMIUM;9994;11;9992;20;;;10010;11;10013;20;;;10002.0;0.0
1;36000;INTARIAN_PEPPER_ROOT;13029;9;13026;15;;;13043;9;13046;15;;;13036.0;0.0
1;36000;ASH_COATED_OSMIUM;9992;24;;;;;10013;24;;;;;10002.5;0.0
1;36100;INTARIAN_PEPPER_ROOT;13040;4;13029;11;13026;22;13043;11;13046;22;;;13041.5;0.0
1;36100;ASH_COATED_OSMIUM;9994;15;9992;27;;;10013;27;;;;;10003.5;0.0
1;36200;ASH_COATED_OSMIUM;9994;15;;;;;10010;15;10013;29;;;10002.0;0.0
1;36200;INTARIAN_PEPPER_ROOT;13029;10;13026;17;;;13043;10;13046;17;;;13036.0;0.0
1;36300;INTARIAN_PEPPER_ROOT;;;;;;;13047;16;;;;;13047.0;0.0
1;36300;ASH_COATED_OSMIUM;9994;15;;;;;10010;15;10013;20;;;10002.0;0.0
1;36400;INTARIAN_PEPPER_ROOT;13029;9;13026;24;;;13043;9;13047;24;;;13036.0;0.0
1;36400;ASH_COATED_OSMIUM;9994;12;9992;25;;;10010;12;10013;25;;;10002.0;0.0
1;36500;INTARIAN_PEPPER_ROOT;13029;8;13026;17;;;13044;8;13047;17;;;13036.5;0.0
1;36500;ASH_COATED_OSMIUM;9994;15;9992;21;;;10010;15;;;;;10002.0;0.0
1;36600;ASH_COATED_OSMIUM;9991;23;;;;;10009;15;10012;23;;;10000.0;0.0
1;36600;INTARIAN_PEPPER_ROOT;13030;10;13026;19;;;13044;10;;;;;13037.0;0.0
1;36700;INTARIAN_PEPPER_ROOT;13030;11;13026;20;;;13044;11;13047;20;;;13037.0;0.0
1;36700;ASH_COATED_OSMIUM;9993;12;9991;27;;;10009;12;10012;27;;;10001.0;0.0
1;36800;INTARIAN_PEPPER_ROOT;13030;11;13027;15;;;13044;11;;;;;13037.0;0.0
1;36800;ASH_COATED_OSMIUM;9994;12;9991;21;;;10012;21;;;;;10003.0;0.0
1;36900;INTARIAN_PEPPER_ROOT;13030;10;;;;;;;;;;;13030.0;0.0
1;36900;ASH_COATED_OSMIUM;9994;11;9992;23;;;10013;23;;;;;10003.5;0.0
1;37000;ASH_COATED_OSMIUM;9995;11;9992;28;;;10013;28;;;;;10004.0;0.0
1;37000;INTARIAN_PEPPER_ROOT;13030;9;13027;22;;;13044;9;13047;22;;;13037.0;0.0
1;37100;INTARIAN_PEPPER_ROOT;13030;11;;;;;13044;11;13047;25;;;13037.0;0.0
1;37100;ASH_COATED_OSMIUM;9994;14;9992;23;;;10010;14;10013;23;;;10002.0;0.0
1;37200;INTARIAN_PEPPER_ROOT;13030;10;13027;24;;;13044;10;;;;;13037.0;0.0
1;37200;ASH_COATED_OSMIUM;9994;15;9992;24;;;10010;15;10013;24;;;10002.0;0.0
1;37300;INTARIAN_PEPPER_ROOT;13030;11;;;;;13044;11;;;;;13037.0;0.0
1;37300;ASH_COATED_OSMIUM;9994;11;9991;29;;;10010;11;10012;29;;;10002.0;0.0
1;37400;ASH_COATED_OSMIUM;9993;14;9990;20;;;10009;14;10011;20;;;10001.0;0.0
1;37400;INTARIAN_PEPPER_ROOT;13030;11;13027;20;;;13044;11;;;;;13037.0;0.0
1;37500;INTARIAN_PEPPER_ROOT;13030;9;13027;24;;;13048;24;;;;;13039.0;0.0
1;37500;ASH_COATED_OSMIUM;9990;22;;;;;10009;15;10011;22;;;9999.5;0.0
1;37600;INTARIAN_PEPPER_ROOT;13031;10;13027;22;;;13048;22;;;;;13039.5;0.0
1;37600;ASH_COATED_OSMIUM;9993;12;9990;24;;;10009;12;10011;24;;;10001.0;0.0
1;37700;INTARIAN_PEPPER_ROOT;13027;17;;;;;13045;12;;;;;13036.0;0.0
1;37700;ASH_COATED_OSMIUM;9993;12;9990;21;;;10009;12;10011;21;;;10001.0;0.0
1;37800;INTARIAN_PEPPER_ROOT;;;;;;;13045;8;13048;23;;;13045.0;0.0
1;37800;ASH_COATED_OSMIUM;10002;8;9990;25;;;10011;25;;;;;10006.5;0.0
1;37900;ASH_COATED_OSMIUM;9992;11;9990;27;;;10008;11;10011;27;;;10000.0;0.0
1;37900;INTARIAN_PEPPER_ROOT;13031;9;;;;;13045;9;13048;25;;;13038.0;0.0
1;38000;INTARIAN_PEPPER_ROOT;;;;;;;13045;11;13048;23;;;13045.0;0.0
1;38000;ASH_COATED_OSMIUM;9992;13;9990;24;;;10008;13;10011;24;;;10000.0;0.0
1;38100;INTARIAN_PEPPER_ROOT;13031;12;13028;23;;;13045;12;13048;23;;;13038.0;0.0
1;38100;ASH_COATED_OSMIUM;9992;14;;;;;10011;27;;;;;10001.5;0.0
1;38200;INTARIAN_PEPPER_ROOT;13031;8;13028;15;;;13048;15;;;;;13039.5;0.0
1;38200;ASH_COATED_OSMIUM;9992;14;9990;29;;;10011;29;;;;;10001.5;0.0
1;38300;ASH_COATED_OSMIUM;9992;14;9990;25;;;10008;14;10011;25;;;10000.0;0.0
1;38300;INTARIAN_PEPPER_ROOT;13031;9;;;;;;;;;;;13031.0;0.0
1;38400;INTARIAN_PEPPER_ROOT;13031;11;13028;23;;;13034;8;13045;11;13049;23;13032.5;0.0
1;38400;ASH_COATED_OSMIUM;9992;11;9990;25;;;10008;11;;;;;10000.0;0.0
1;38500;INTARIAN_PEPPER_ROOT;13028;15;;;;;13046;9;;;;;13037.0;0.0
1;38500;ASH_COATED_OSMIUM;9992;13;9990;22;;;10008;13;10011;22;;;10000.0;0.0
1;38600;INTARIAN_PEPPER_ROOT;13032;8;13028;23;;;13046;8;13049;23;;;13039.0;0.0
1;38600;ASH_COATED_OSMIUM;9992;10;;;;;10011;29;;;;;10001.5;0.0
1;38700;ASH_COATED_OSMIUM;9993;10;9990;26;;;10009;10;;;;;10001.0;0.0
1;38700;INTARIAN_PEPPER_ROOT;13032;12;13028;16;;;13046;12;13049;16;;;13039.0;0.0
1;38800;INTARIAN_PEPPER_ROOT;13029;18;;;;;13046;9;13049;18;;;13037.5;0.0
1;38800;ASH_COATED_OSMIUM;9992;15;9989;21;;;10008;15;10010;21;;;10000.0;0.0
1;38900;INTARIAN_PEPPER_ROOT;13032;10;13029;16;;;13046;10;13049;16;;;13039.0;0.0
1;38900;ASH_COATED_OSMIUM;9992;15;9990;21;;;10008;15;;;;;10000.0;0.0
1;39000;INTARIAN_PEPPER_ROOT;13029;23;;;;;13046;8;13049;23;;;13037.5;0.0
1;39000;ASH_COATED_OSMIUM;9992;11;9990;29;;;10011;29;;;;;10001.5;0.0
1;39100;ASH_COATED_OSMIUM;9992;10;;;;;10008;10;10011;21;;;10000.0;0.0
1;39100;INTARIAN_PEPPER_ROOT;13032;11;;;;;13046;11;13049;25;;;13039.0;0.0
1;39200;ASH_COATED_OSMIUM;9992;13;9989;21;;;10010;21;;;;;10001.0;0.0
1;39200;INTARIAN_PEPPER_ROOT;13032;12;13029;23;;;13046;12;13049;23;;;13039.0;0.0
1;39300;INTARIAN_PEPPER_ROOT;13032;9;13029;21;;;13046;9;13050;21;;;13039.0;0.0
1;39300;ASH_COATED_OSMIUM;9989;21;;;;;10008;12;10010;21;;;9998.5;0.0
1;39400;ASH_COATED_OSMIUM;9989;25;;;;;10010;25;;;;;9999.5;0.0
1;39400;INTARIAN_PEPPER_ROOT;13032;8;;;;;13050;25;;;;;13041.0;0.0
1;39500;ASH_COATED_OSMIUM;9991;13;9989;23;;;10007;13;;;;;9999.0;0.0
1;39500;INTARIAN_PEPPER_ROOT;13032;10;;;;;13047;10;13050;24;;;13039.5;0.0
1;39600;ASH_COATED_OSMIUM;9992;14;9989;28;;;10008;14;;;;;10000.0;0.0
1;39600;INTARIAN_PEPPER_ROOT;13033;8;;;;;13047;8;13050;24;;;13040.0;0.0
1;39700;INTARIAN_PEPPER_ROOT;13033;8;13029;16;;;13047;8;;;;;13040.0;0.0
1;39700;ASH_COATED_OSMIUM;9991;14;9989;20;;;10007;14;10010;20;;;9999.0;0.0
1;39800;INTARIAN_PEPPER_ROOT;13033;11;13030;21;;;13047;11;13050;21;;;13040.0;0.0
1;39800;ASH_COATED_OSMIUM;;;;;;;10007;10;10010;26;;;10007.0;0.0
1;39900;ASH_COATED_OSMIUM;9992;10;9989;24;;;10008;10;;;;;10000.0;0.0
1;39900;INTARIAN_PEPPER_ROOT;13033;11;13030;23;;;13047;11;13050;23;;;13040.0;0.0
1;40000;INTARIAN_PEPPER_ROOT;13030;19;;;;;13047;10;13050;19;;;13038.5;0.0
1;40000;ASH_COATED_OSMIUM;9989;29;;;;;10007;15;10010;29;;;9998.0;0.0
1;40100;INTARIAN_PEPPER_ROOT;13033;12;13030;17;;;13047;12;;;;;13040.0;0.0
1;40100;ASH_COATED_OSMIUM;9992;14;9989;30;;;10008;14;10010;30;;;10000.0;0.0
1;40200;INTARIAN_PEPPER_ROOT;13033;8;;;;;13047;8;13050;19;;;13040.0;0.0
1;40200;ASH_COATED_OSMIUM;9992;13;9990;20;;;10008;13;10011;20;;;10000.0;0.0
1;40300;ASH_COATED_OSMIUM;9990;30;;;;;10011;30;;;;;10000.5;0.0
1;40300;INTARIAN_PEPPER_ROOT;;;;;;;;;;;;;0.0;0.0
1;40400;INTARIAN_PEPPER_ROOT;13033;8;13030;19;;;13051;19;;;;;13042.0;0.0
1;40400;ASH_COATED_OSMIUM;9990;22;;;;;10008;10;10011;22;;;9999.0;0.0
1;40500;INTARIAN_PEPPER_ROOT;13033;9;13030;17;;;13048;9;13051;17;;;13040.5;0.0
1;40500;ASH_COATED_OSMIUM;;;;;;;10008;14;10011;20;;;10008.0;0.0
1;40600;INTARIAN_PEPPER_ROOT;13034;11;13030;18;;;13048;11;13051;18;;;13041.0;0.0
1;40600;ASH_COATED_OSMIUM;9992;15;;;;;10008;15;10011;27;;;10000.0;0.0
1;40700;ASH_COATED_OSMIUM;9992;10;9990;20;;;10008;10;;;;;10000.0;0.0
1;40700;INTARIAN_PEPPER_ROOT;13034;8;13030;18;;;13048;8;13051;18;;;13041.0;0.0
1;40800;INTARIAN_PEPPER_ROOT;13034;11;13031;25;;;13048;11;13051;25;;;13041.0;0.0
1;40800;ASH_COATED_OSMIUM;9993;12;;;;;10009;12;10011;24;;;10001.0;0.0
1;40900;INTARIAN_PEPPER_ROOT;13034;8;;;;;13048;8;13051;17;;;13041.0;0.0
1;40900;ASH_COATED_OSMIUM;9993;10;9990;20;;;10011;20;;;;;10002.0;0.0
1;41000;INTARIAN_PEPPER_ROOT;13034;11;13031;23;;;13048;11;;;;;13041.0;0.0
1;41000;ASH_COATED_OSMIUM;9993;13;9990;27;;;10009;13;10011;27;;;10001.0;0.0
1;41100;ASH_COATED_OSMIUM;9993;13;9990;21;;;10009;13;10011;21;;;10001.0;0.0
1;41100;INTARIAN_PEPPER_ROOT;13034;9;13031;18;;;13048;9;13051;18;;;13041.0;0.0
1;41200;INTARIAN_PEPPER_ROOT;13034;9;13031;16;;;13051;16;;;;;13042.5;0.0
1;41200;ASH_COATED_OSMIUM;9993;15;9990;26;;;10009;15;10012;26;;;10001.0;0.0
1;41300;INTARIAN_PEPPER_ROOT;13031;25;;;;;13048;8;13052;25;;;13039.5;0.0
1;41300;ASH_COATED_OSMIUM;9991;27;;;;;10009;10;10012;27;;;10000.0;0.0
1;41400;INTARIAN_PEPPER_ROOT;13034;9;;;;;13048;9;;;;;13041.0;0.0
1;41400;ASH_COATED_OSMIUM;9993;15;9991;26;;;10009;15;10012;26;;;10001.0;0.0
1;41500;ASH_COATED_OSMIUM;9993;12;9991;20;;;10009;12;;;;;10001.0;0.0
1;41500;INTARIAN_PEPPER_ROOT;13031;24;;;;;13049;10;13052;24;;;13040.0;0.0
1;41600;INTARIAN_PEPPER_ROOT;13035;11;13031;17;;;13049;11;13052;17;;;13042.0;0.0
1;41600;ASH_COATED_OSMIUM;9993;10;9991;29;;;10009;10;10012;29;;;10001.0;0.0
1;41700;INTARIAN_PEPPER_ROOT;13035;10;13031;23;;;13049;10;13052;23;;;13042.0;0.0
1;41700;ASH_COATED_OSMIUM;9994;12;9991;22;;;10010;12;10012;22;;;10002.0;0.0
1;41800;INTARIAN_PEPPER_ROOT;13035;12;13032;20;;;13049;12;;;;;13042.0;0.0
1;41800;ASH_COATED_OSMIUM;10003;5;9994;12;9991;22;10010;12;10012;22;;;10006.5;0.0
1;41900;ASH_COATED_OSMIUM;9992;24;;;;;10010;12;10013;24;;;10001.0;0.0
1;41900;INTARIAN_PEPPER_ROOT;13035;12;13032;20;;;13049;12;13052;20;;;13042.0;0.0
1;42000;INTARIAN_PEPPER_ROOT;13035;8;;;;;13038;8;13044;10;13049;8;13036.5;0.0
1;42000;ASH_COATED_OSMIUM;9993;10;9991;28;;;10009;10;10012;28;;;10001.0;0.0
1;42100;INTARIAN_PEPPER_ROOT;13035;12;13032;16;;;13052;16;;;;;13043.5;0.0
1;42100;ASH_COATED_OSMIUM;9994;12;;;;;10010;12;;;;;10002.0;0.0
1;42200;ASH_COATED_OSMIUM;9991;20;;;;;10012;20;;;;;10001.5;0.0
1;42200;INTARIAN_PEPPER_ROOT;13035;8;13032;23;;;13049;8;;;;;13042.0;0.0
1;42300;ASH_COATED_OSMIUM;9994;13;9991;21;;;10012;21;;;;;10003.0;0.0
1;42300;INTARIAN_PEPPER_ROOT;13035;11;13032;15;;;13049;11;13053;15;;;13042.0;0.0
1;42400;ASH_COATED_OSMIUM;9992;29;;;;;10013;29;;;;;10002.5;0.0
1;42400;INTARIAN_PEPPER_ROOT;13035;12;13032;25;;;13049;12;13053;25;;;13042.0;0.0
1;42500;INTARIAN_PEPPER_ROOT;13035;8;13032;25;;;13050;8;13053;25;;;13042.5;0.0
1;42500;ASH_COATED_OSMIUM;9999;4;9994;11;;;10010;11;;;;;10004.5;0.0
1;42600;ASH_COATED_OSMIUM;9994;15;9992;27;;;10010;15;10013;27;;;10002.0;0.0
1;42600;INTARIAN_PEPPER_ROOT;13036;9;13032;24;;;13050;9;13053;24;;;13043.0;0.0
1;42700;ASH_COATED_OSMIUM;9994;12;;;;;10010;12;10012;25;;;10002.0;0.0
1;42700;INTARIAN_PEPPER_ROOT;13036;9;13032;22;;;13053;22;;;;;13044.5;0.0
1;42800;ASH_COATED_OSMIUM;9994;15;9991;24;;;10010;15;10012;24;;;10002.0;0.0
1;42800;INTARIAN_PEPPER_ROOT;13033;21;;;;;13050;9;13053;21;;;13041.5;0.0
1;42900;INTARIAN_PEPPER_ROOT;13036;10;13033;23;;;13050;10;;;;;13043.0;0.0
1;42900;ASH_COATED_OSMIUM;9993;11;9991;23;;;10012;23;;;;;10002.5;0.0
1;43000;ASH_COATED_OSMIUM;9993;12;9991;29;;;10003;3;10009;12;;;9998.0;0.0
1;43000;INTARIAN_PEPPER_ROOT;13036;10;13033;15;;;13039;8;13050;10;13053;15;13037.5;0.0
1;43100;ASH_COATED_OSMIUM;9993;14;9991;22;;;10009;14;10012;22;;;10001.0;0.0
1;43100;INTARIAN_PEPPER_ROOT;13036;10;13033;22;;;13050;10;13053;22;;;13043.0;0.0
1;43200;ASH_COATED_OSMIUM;9993;10;;;;;;;;;;;9993.0;0.0
1;43200;INTARIAN_PEPPER_ROOT;13036;11;13033;25;;;13050;11;13053;25;;;13043.0;0.0
1;43300;INTARIAN_PEPPER_ROOT;13036;10;13033;16;;;;;;;;;13036.0;0.0
1;43300;ASH_COATED_OSMIUM;9993;12;9990;27;;;10009;12;10011;27;;;10001.0;0.0
1;43400;ASH_COATED_OSMIUM;9993;13;9990;27;;;10009;13;10011;27;;;10001.0;0.0
1;43400;INTARIAN_PEPPER_ROOT;13036;9;13033;21;;;13054;21;;;;;13045.0;0.0
1;43500;ASH_COATED_OSMIUM;9992;12;;;;;10008;12;10011;23;;;10000.0;0.0
1;43500;INTARIAN_PEPPER_ROOT;13036;11;13033;17;;;13051;11;13054;17;;;13043.5;0.0
1;43600;ASH_COATED_OSMIUM;9992;14;9989;27;;;10010;27;;;;;10001.0;0.0
1;43600;INTARIAN_PEPPER_ROOT;13037;11;13033;17;;;13051;11;13054;17;;;13044.0;0.0
1;43700;ASH_COATED_OSMIUM;9992;10;9990;26;;;10011;26;;;;;10001.5;0.0
1;43700;INTARIAN_PEPPER_ROOT;13033;22;;;;;13051;9;13054;22;;;13042.0;0.0
1;43800;INTARIAN_PEPPER_ROOT;13037;12;13034;19;;;13051;12;13054;19;;;13044.0;0.0
1;43800;ASH_COATED_OSMIUM;9992;11;9990;30;;;;;;;;;9992.0;0.0
1;43900;ASH_COATED_OSMIUM;;;;;;;10009;13;;;;;10009.0;0.0
1;43900;INTARIAN_PEPPER_ROOT;13037;9;13034;19;;;13051;9;13054;19;;;13044.0;0.0
1;44000;ASH_COATED_OSMIUM;9993;12;9990;22;;;10009;12;10011;22;;;10001.0;0.0
1;44000;INTARIAN_PEPPER_ROOT;13037;9;;;;;13051;9;13054;25;;;13044.0;0.0
1;44100;ASH_COATED_OSMIUM;9993;11;9991;28;;;10009;11;;;;;10001.0;0.0
1;44100;INTARIAN_PEPPER_ROOT;13037;10;13034;18;;;13054;18;;;;;13045.5;0.0
1;44200;INTARIAN_PEPPER_ROOT;13034;18;;;;;13051;9;;;;;13042.5;0.0
1;44200;ASH_COATED_OSMIUM;9994;12;9992;22;;;10010;12;10013;22;;;10002.0;0.0
1;44300;INTARIAN_PEPPER_ROOT;13034;24;;;;;13051;11;13055;24;;;13042.5;0.0
1;44300;ASH_COATED_OSMIUM;9994;10;;;;;10010;10;10013;25;;;10002.0;0.0
1;44400;ASH_COATED_OSMIUM;9994;11;9991;27;;;;;;;;;9994.0;0.0
1;44400;INTARIAN_PEPPER_ROOT;13037;11;13034;21;;;13047;11;13051;11;;;13042.0;0.0
1;44500;INTARIAN_PEPPER_ROOT;13037;8;13034;24;;;13055;24;;;;;13046.0;0.0
1;44500;ASH_COATED_OSMIUM;9994;10;9991;30;;;10010;10;10012;30;;;10002.0;0.0
1;44600;INTARIAN_PEPPER_ROOT;13038;8;;;;;13052;8;13055;23;;;13045.0;0.0
1;44600;ASH_COATED_OSMIUM;9991;26;;;;;10009;12;;;;;10000.0;0.0
1;44700;INTARIAN_PEPPER_ROOT;13038;11;;;;;13040;8;13052;11;13055;22;13039.0;0.0
1;44700;ASH_COATED_OSMIUM;9994;12;9991;28;;;10010;12;10012;28;;;10002.0;0.0
1;44800;ASH_COATED_OSMIUM;9994;14;9991;21;;;9999;8;10010;14;10012;21;9996.5;0.0
1;44800;INTARIAN_PEPPER_ROOT;13038;8;13035;25;;;13052;8;;;;;13045.0;0.0
1;44900;INTARIAN_PEPPER_ROOT;13038;12;13035;23;;;13052;12;13055;23;;;13045.0;0.0
1;44900;ASH_COATED_OSMIUM;9994;14;9991;24;;;10010;14;10012;24;;;10002.0;0.0
1;45000;INTARIAN_PEPPER_ROOT;13035;22;;;;;13052;12;13055;22;;;13043.5;0.0
1;45000;ASH_COATED_OSMIUM;9994;15;9991;21;;;10010;15;10012;21;;;10002.0;0.0
1;45100;INTARIAN_PEPPER_ROOT;13038;11;13035;24;;;13052;11;;;;;13045.0;0.0
1;45100;ASH_COATED_OSMIUM;9994;13;9992;22;;;;;;;;;9994.0;0.0
1;45200;ASH_COATED_OSMIUM;9993;29;;;;;10001;6;10011;10;10014;29;9997.0;0.0
1;45200;INTARIAN_PEPPER_ROOT;13035;18;;;;;13052;10;13055;18;;;13043.5;0.0
1;45300;INTARIAN_PEPPER_ROOT;13035;20;;;;;13052;10;13056;20;;;13043.5;0.0
1;45300;ASH_COATED_OSMIUM;9995;11;9992;28;;;10013;28;;;;;10004.0;0.0
1;45400;INTARIAN_PEPPER_ROOT;13038;12;13035;24;;;13052;12;;;;;13045.0;0.0
1;45400;ASH_COATED_OSMIUM;9995;12;;;;;10011;12;;;;;10003.0;0.0
1;45500;INTARIAN_PEPPER_ROOT;13038;11;;;;;13053;11;13056;22;;;13045.5;0.0
1;45500;ASH_COATED_OSMIUM;9995;11;9992;28;;;10011;11;;;;;10003.0;0.0
1;45600;ASH_COATED_OSMIUM;9992;25;;;;;10013;25;;;;;10002.5;0.0
1;45600;INTARIAN_PEPPER_ROOT;13039;9;13035;22;;;13056;22;;;;;13047.5;0.0
1;45700;INTARIAN_PEPPER_ROOT;13039;8;13035;25;;;13053;8;13056;25;;;13046.0;0.0
1;45700;ASH_COATED_OSMIUM;9994;12;;;;;10010;12;10013;28;;;10002.0;0.0
1;45800;INTARIAN_PEPPER_ROOT;13039;8;13036;17;;;13053;8;13056;17;;;13046.0;0.0
1;45800;ASH_COATED_OSMIUM;9994;14;9992;23;;;10010;14;10013;23;;;10002.0;0.0
1;45900;INTARIAN_PEPPER_ROOT;13039;8;13036;16;;;13053;8;;;;;13046.0;0.0
1;45900;ASH_COATED_OSMIUM;9994;14;9992;26;;;10010;14;10013;26;;;10002.0;0.0
1;46000;ASH_COATED_OSMIUM;9995;11;9992;29;;;10013;29;;;;;10004.0;0.0
1;46000;INTARIAN_PEPPER_ROOT;13039;11;13036;20;;;13053;11;13056;20;;;13046.0;0.0
1;46100;INTARIAN_PEPPER_ROOT;13039;9;13036;23;;;13056;23;;;;;13047.5;0.0
1;46100;ASH_COATED_OSMIUM;9995;10;9992;25;;;10011;10;10013;25;;;10003.0;0.0
1;46200;INTARIAN_PEPPER_ROOT;13039;8;13036;23;;;13053;8;13056;23;;;13046.0;0.0
1;46200;ASH_COATED_OSMIUM;9995;10;9992;20;;;10011;10;10013;20;;;10003.0;0.0
1;46300;INTARIAN_PEPPER_ROOT;13039;12;13036;23;;;13053;12;13057;23;;;13046.0;0.0
1;46300;ASH_COATED_OSMIUM;9992;27;;;;;10004;2;10013;27;;;9998.0;0.0
1;46400;ASH_COATED_OSMIUM;9994;15;9992;23;;;10010;15;10013;23;;;10002.0;0.0
1;46400;INTARIAN_PEPPER_ROOT;13039;12;13036;16;;;13053;12;13057;16;;;13046.0;0.0
1;46500;ASH_COATED_OSMIUM;10004;9;9994;13;9992;20;10010;13;10013;20;;;10007.0;0.0
1;46500;INTARIAN_PEPPER_ROOT;13039;9;13036;17;;;13057;17;;;;;13048.0;0.0
1;46600;INTARIAN_PEPPER_ROOT;13040;8;13036;22;;;13054;8;13057;22;;;13047.0;0.0
1;46600;ASH_COATED_OSMIUM;9995;11;9992;21;;;10011;11;10013;21;;;10003.0;0.0
1;46700;INTARIAN_PEPPER_ROOT;13040;9;;;;;13054;9;13057;19;;;13047.0;0.0
1;46700;ASH_COATED_OSMIUM;9994;14;9992;27;;;10010;14;10013;27;;;10002.0;0.0
1;46800;INTARIAN_PEPPER_ROOT;13037;24;;;;;13042;8;;;;;13039.5;0.0
1;46800;ASH_COATED_OSMIUM;9994;13;9992;28;;;10010;13;10013;28;;;10002.0;0.0
1;46900;ASH_COATED_OSMIUM;9994;14;9991;24;;;10010;14;;;;;10002.0;0.0
1;46900;INTARIAN_PEPPER_ROOT;13040;9;13037;20;;;13054;9;13057;20;;;13047.0;0.0
1;47000;INTARIAN_PEPPER_ROOT;13040;8;;;;;13054;8;13057;19;;;13047.0;0.0
1;47000;ASH_COATED_OSMIUM;9993;15;9991;26;;;10003;2;10009;15;10012;26;9998.0;0.0
1;47100;INTARIAN_PEPPER_ROOT;13040;10;;;;;13057;22;;;;;13048.5;0.0
1;47100;ASH_COATED_OSMIUM;9999;3;;;;;10010;15;10012;28;;;10004.5;0.0
1;47200;INTARIAN_PEPPER_ROOT;13037;18;;;;;13057;18;;;;;13047.0;0.0
1;47200;ASH_COATED_OSMIUM;9991;23;;;;;10010;10;10012;23;;;10000.5;0.0
1;47300;ASH_COATED_OSMIUM;9999;3;9991;29;;;10010;15;10012;29;;;10004.5;0.0
1;47300;INTARIAN_PEPPER_ROOT;13037;16;;;;;13058;16;;;;;13047.5;0.0
1;47400;INTARIAN_PEPPER_ROOT;13040;9;13037;24;;;13054;9;13058;24;;;13047.0;0.0
1;47400;ASH_COATED_OSMIUM;9994;11;;;;;10010;11;10013;28;;;10002.0;0.0
1;47500;INTARIAN_PEPPER_ROOT;13040;10;13037;17;;;13055;10;;;;;13047.5;0.0
1;47500;ASH_COATED_OSMIUM;9994;11;9991;21;;;10010;11;10012;21;;;10002.0;0.0
1;47600;INTARIAN_PEPPER_ROOT;13041;11;13037;17;;;13055;11;13058;17;;;13048.0;0.0
1;47600;ASH_COATED_OSMIUM;9993;13;9991;29;;;10009;13;10012;29;;;10001.0;0.0
1;47700;ASH_COATED_OSMIUM;9993;10;9991;23;;;10009;10;10012;23;;;10001.0;0.0
1;47700;INTARIAN_PEPPER_ROOT;13041;8;;;;;13055;8;13058;24;;;13048.0;0.0
1;47800;INTARIAN_PEPPER_ROOT;13041;8;13038;18;;;13055;8;13058;18;;;13048.0;0.0
1;47800;ASH_COATED_OSMIUM;9991;27;;;;;10009;15;10012;27;;;10000.0;0.0
1;47900;INTARIAN_PEPPER_ROOT;13041;8;13038;21;;;13055;8;13058;21;;;13048.0;0.0
1;47900;ASH_COATED_OSMIUM;9994;13;9991;24;;;10010;13;10012;24;;;10002.0;0.0
1;48000;ASH_COATED_OSMIUM;9995;13;;;;;10011;13;10013;28;;;10003.0;0.0
1;48000;INTARIAN_PEPPER_ROOT;13041;8;13038;18;;;13055;8;13058;18;;;13048.0;0.0
1;48100;ASH_COATED_OSMIUM;9995;10;9992;21;;;;;;;;;9995.0;0.0
1;48100;INTARIAN_PEPPER_ROOT;13052;7;13041;9;13038;23;13055;9;13058;23;;;13053.5;0.0
1;48200;ASH_COATED_OSMIUM;9995;12;9992;25;;;10011;12;10013;25;;;10003.0;0.0
1;48200;INTARIAN_PEPPER_ROOT;13041;10;13038;19;;;13055;10;;;;;13048.0;0.0
1;48300;INTARIAN_PEPPER_ROOT;13041;8;13038;16;;;13055;8;13059;16;;;13048.0;0.0
1;48300;ASH_COATED_OSMIUM;9995;11;9993;24;;;10011;11;10014;24;;;10003.0;0.0
1;48400;ASH_COATED_OSMIUM;9992;23;;;;;10011;13;;;;;10001.5;0.0
1;48400;INTARIAN_PEPPER_ROOT;13041;11;13038;20;;;13055;11;;;;;13048.0;0.0
1;48500;ASH_COATED_OSMIUM;9991;29;;;;;10010;15;10012;29;;;10000.5;0.0
1;48500;INTARIAN_PEPPER_ROOT;13041;8;13038;16;;;13056;8;;;;;13048.5;0.0
1;48600;ASH_COATED_OSMIUM;9992;22;;;;;10010;10;10013;22;;;10001.0;0.0
1;48600;INTARIAN_PEPPER_ROOT;13042;10;;;;;13056;10;13059;25;;;13049.0;0.0
1;48700;INTARIAN_PEPPER_ROOT;13042;12;;;;;13059;17;;;;;13050.5;0.0
1;48700;ASH_COATED_OSMIUM;9994;11;9992;27;;;10010;11;10013;27;;;10002.0;0.0
1;48800;INTARIAN_PEPPER_ROOT;13039;16;;;;;13056;11;13059;16;;;13047.5;0.0
1;48800;ASH_COATED_OSMIUM;9994;14;;;;;10010;14;10012;21;;;10002.0;0.0
1;48900;ASH_COATED_OSMIUM;9993;11;9991;24;;;10009;11;10012;24;;;10001.0;0.0
1;48900;INTARIAN_PEPPER_ROOT;;;;;;;13056;8;13059;23;;;13056.0;0.0
1;49000;INTARIAN_PEPPER_ROOT;13042;9;13039;17;;;13056;9;13059;17;;;13049.0;0.0
1;49000;ASH_COATED_OSMIUM;9993;13;9990;22;;;10009;13;;;;;10001.0;0.0
1;49100;INTARIAN_PEPPER_ROOT;13042;10;13039;21;;;13056;10;13059;21;;;13049.0;0.0
1;49100;ASH_COATED_OSMIUM;9993;13;9990;30;;;10009;13;;;;;10001.0;0.0
1;49200;INTARIAN_PEPPER_ROOT;13042;8;13039;18;;;13059;18;;;;;13050.5;0.0
1;49200;ASH_COATED_OSMIUM;9991;29;;;;;10010;15;10012;29;;;10000.5;0.0
1;49300;ASH_COATED_OSMIUM;9991;30;;;;;10012;30;;;;;10001.5;0.0
1;49300;INTARIAN_PEPPER_ROOT;13039;18;;;;;13056;12;13060;18;;;13047.5;0.0
1;49400;INTARIAN_PEPPER_ROOT;13042;8;13039;23;;;13056;8;;;;;13049.0;0.0
1;49400;ASH_COATED_OSMIUM;10004;9;9992;21;;;;;;;;;10004.0;0.0
1;49500;INTARIAN_PEPPER_ROOT;13039;18;;;;;13057;12;13060;18;;;13048.0;0.0
1;49500;ASH_COATED_OSMIUM;9995;10;9992;21;;;10013;21;;;;;10004.0;0.0
1;49600;INTARIAN_PEPPER_ROOT;13039;17;;;;;13057;9;13060;17;;;13048.0;0.0
1;49600;ASH_COATED_OSMIUM;9994;10;9992;21;;;;;;;;;9994.0;0.0
1;49700;ASH_COATED_OSMIUM;9994;14;9992;29;;;10010;14;10013;29;;;10002.0;0.0
1;49700;INTARIAN_PEPPER_ROOT;13039;19;;;;;13057;8;13060;19;;;13048.0;0.0
1;49800;INTARIAN_PEPPER_ROOT;13043;9;13040;22;;;13057;9;13060;22;;;13050.0;0.0
1;49800;ASH_COATED_OSMIUM;9994;12;;;;;10013;21;;;;;10003.5;0.0
1;49900;INTARIAN_PEPPER_ROOT;13043;8;13040;25;;;13057;8;13060;25;;;13050.0;0.0
1;49900;ASH_COATED_OSMIUM;9994;10;9991;27;;;;;;;;;9994.0;0.0
1;50000;INTARIAN_PEPPER_ROOT;13043;10;13040;22;;;13057;10;13060;22;;;13050.0;0.0
1;50000;ASH_COATED_OSMIUM;9994;15;9992;21;;;10010;15;;;;;10002.0;0.0
1;50100;ASH_COATED_OSMIUM;9994;10;9992;24;;;10010;10;10013;24;;;10002.0;0.0
1;50100;INTARIAN_PEPPER_ROOT;13040;15;;;;;13057;9;13060;15;;;13048.5;0.0
1;50200;INTARIAN_PEPPER_ROOT;13043;8;13040;22;;;;;;;;;13043.0;0.0
1;50200;ASH_COATED_OSMIUM;9994;10;9992;25;;;10010;10;10013;25;;;10002.0;0.0
1;50300;INTARIAN_PEPPER_ROOT;13043;8;;;;;13057;8;13061;19;;;13050.0;0.0
1;50300;ASH_COATED_OSMIUM;9992;25;;;;;10011;15;10013;25;;;10001.5;0.0
1;50400;INTARIAN_PEPPER_ROOT;13043;9;13040;20;;;13057;9;13061;20;;;13050.0;0.0
1;50400;ASH_COATED_OSMIUM;9994;13;9992;22;;;10011;13;10013;22;;;10002.5;0.0
1;50500;ASH_COATED_OSMIUM;9995;10;9992;20;;;10011;10;10013;20;;;10003.0;0.0
1;50500;INTARIAN_PEPPER_ROOT;13043;9;13040;24;;;13058;9;13061;24;;;13050.5;0.0
1;50600;INTARIAN_PEPPER_ROOT;13040;15;;;;;13058;8;;;;;13049.0;0.0
1;50600;ASH_COATED_OSMIUM;9995;14;9992;23;;;10011;14;10013;23;;;10003.0;0.0
1;50700;INTARIAN_PEPPER_ROOT;13044;9;13040;15;;;13058;9;13061;15;;;13051.0;0.0
1;50700;ASH_COATED_OSMIUM;9995;11;;;;;10011;11;10014;21;;;10003.0;0.0
1;50800;INTARIAN_PEPPER_ROOT;13044;11;13041;15;;;13058;11;13061;15;;;13051.0;0.0
1;50800;ASH_COATED_OSMIUM;9995;15;9992;29;;;10011;15;10014;29;;;10003.0;0.0
1;50900;ASH_COATED_OSMIUM;9995;14;9993;22;;;10011;14;10014;22;;;10003.0;0.0
1;50900;INTARIAN_PEPPER_ROOT;13044;9;13041;19;;;13058;9;13061;19;;;13051.0;0.0
1;51000;ASH_COATED_OSMIUM;10001;3;;;;;10012;11;10014;30;;;10006.5;0.0
1;51000;INTARIAN_PEPPER_ROOT;13044;11;13041;21;;;13058;11;13061;21;;;13051.0;0.0
1;51100;INTARIAN_PEPPER_ROOT;13044;11;13041;17;;;13058;11;13061;17;;;13051.0;0.0
1;51100;ASH_COATED_OSMIUM;9996;11;9993;26;;;10012;11;10014;26;;;10004.0;0.0
1;51200;ASH_COATED_OSMIUM;9996;12;;;;;10012;12;10014;30;;;10004.0;0.0
1;51200;INTARIAN_PEPPER_ROOT;13041;22;;;;;13058;9;13061;22;;;13049.5;0.0
1;51300;ASH_COATED_OSMIUM;9995;14;9993;28;;;10011;14;10014;28;;;10003.0;0.0
1;51300;INTARIAN_PEPPER_ROOT;13044;8;13041;15;;;13058;8;13062;15;;;13051.0;0.0
1;51400;ASH_COATED_OSMIUM;10001;4;9996;11;9993;26;;;;;;;10001.0;0.0
1;51400;INTARIAN_PEPPER_ROOT;13041;22;;;;;13058;12;13062;22;;;13049.5;0.0
1;51500;INTARIAN_PEPPER_ROOT;13044;9;;;;;13059;9;13062;20;;;13051.5;0.0
1;51500;ASH_COATED_OSMIUM;9996;15;9993;20;;;10014;20;;;;;10005.0;0.0
1;51600;ASH_COATED_OSMIUM;9995;11;9993;23;;;10011;11;10014;23;;;10003.0;0.0
1;51600;INTARIAN_PEPPER_ROOT;13045;8;13041;19;;;13059;8;13062;19;;;13052.0;0.0
1;51700;ASH_COATED_OSMIUM;9996;13;;;;;10012;13;;;;;10004.0;0.0
1;51700;INTARIAN_PEPPER_ROOT;13045;12;13041;19;;;;;;;;;13045.0;0.0
1;51800;ASH_COATED_OSMIUM;9996;14;9993;30;;;10012;14;10014;30;;;10004.0;0.0
1;51800;INTARIAN_PEPPER_ROOT;13045;11;13042;18;;;13059;11;;;;;13052.0;0.0
1;51900;INTARIAN_PEPPER_ROOT;13045;9;13042;16;;;13059;9;13062;16;;;13052.0;0.0
1;51900;ASH_COATED_OSMIUM;9995;15;9993;30;;;10011;15;;;;;10003.0;0.0
1;52000;ASH_COATED_OSMIUM;9993;30;;;;;;;;;;;9993.0;0.0
1;52000;INTARIAN_PEPPER_ROOT;13045;9;;;;;13059;9;13062;15;;;13052.0;0.0
1;52100;ASH_COATED_OSMIUM;9995;15;9992;24;;;10011;15;10013;24;;;10003.0;0.0
1;52100;INTARIAN_PEPPER_ROOT;13042;18;;;;;13059;12;;;;;13050.5;0.0
1;52200;ASH_COATED_OSMIUM;9995;13;;;;;10014;20;;;;;10004.5;0.0
1;52200;INTARIAN_PEPPER_ROOT;13045;10;;;;;13059;10;13062;20;;;13052.0;0.0
1;52300;INTARIAN_PEPPER_ROOT;13045;10;13042;25;;;13059;10;;;;;13052.0;0.0
1;52300;ASH_COATED_OSMIUM;9992;23;;;;;10011;10;10013;23;;;10001.5;0.0
1;52400;INTARIAN_PEPPER_ROOT;13045;12;13042;20;;;13059;12;13063;20;;;13052.0;0.0
1;52400;ASH_COATED_OSMIUM;9995;12;9992;26;;;10011;12;;;;;10003.0;0.0
1;52500;ASH_COATED_OSMIUM;9995;12;9992;26;;;10011;12;10013;26;;;10003.0;0.0
1;52500;INTARIAN_PEPPER_ROOT;13045;11;13042;15;;;13063;15;;;;;13054.0;0.0
1;52600;ASH_COATED_OSMIUM;;;;;;;10010;13;10013;27;;;10010.0;0.0
1;52600;INTARIAN_PEPPER_ROOT;13056;8;13046;10;13042;23;13063;23;;;;;13059.5;0.0
1;52700;ASH_COATED_OSMIUM;9994;12;9992;26;;;10010;12;10013;26;;;10002.0;0.0
1;52700;INTARIAN_PEPPER_ROOT;13042;19;;;;;13060;8;13063;19;;;13051.0;0.0
1;52800;INTARIAN_PEPPER_ROOT;13046;11;13043;24;;;13060;11;13063;24;;;13053.0;0.0
1;52800;ASH_COATED_OSMIUM;9995;10;9992;30;;;10011;10;10013;30;;;10003.0;0.0
1;52900;ASH_COATED_OSMIUM;9995;11;9992;29;;;10011;11;10013;29;;;10003.0;0.0
1;52900;INTARIAN_PEPPER_ROOT;13046;11;13043;19;;;13060;11;;;;;13053.0;0.0
1;53000;ASH_COATED_OSMIUM;9995;14;9992;30;;;10011;14;;;;;10003.0;0.0
1;53000;INTARIAN_PEPPER_ROOT;13046;8;13043;21;;;13063;21;;;;;13054.5;0.0
1;53100;ASH_COATED_OSMIUM;10001;3;9995;10;9993;28;10011;10;10014;28;;;10006.0;0.0
1;53100;INTARIAN_PEPPER_ROOT;13046;12;13043;18;;;13060;12;13063;18;;;13053.0;0.0
1;53200;INTARIAN_PEPPER_ROOT;13057;5;13046;11;13043;24;13060;11;;;;;13058.5;0.0
1;53200;ASH_COATED_OSMIUM;9995;10;9993;21;;;10014;21;;;;;10004.5;0.0
1;53300;INTARIAN_PEPPER_ROOT;13043;18;;;;;13060;10;13064;18;;;13051.5;0.0
1;53300;ASH_COATED_OSMIUM;9996;13;9993;30;;;10012;13;10014;30;;;10004.0;0.0
1;53400;ASH_COATED_OSMIUM;9996;10;9993;21;;;10012;10;10014;21;;;10004.0;0.0
1;53400;INTARIAN_PEPPER_ROOT;13043;19;;;;;13060;10;13064;19;;;13051.5;0.0
1;53500;INTARIAN_PEPPER_ROOT;13046;8;13043;18;;;13064;18;;;;;13055.0;0.0
1;53500;ASH_COATED_OSMIUM;9995;10;9993;23;;;10011;10;10014;23;;;10003.0;0.0
1;53600;INTARIAN_PEPPER_ROOT;13043;23;;;;;13049;5;13061;12;13064;23;13046.0;0.0
1;53600;ASH_COATED_OSMIUM;9995;12;;;;;10011;12;10013;28;;;10003.0;0.0
1;53700;INTARIAN_PEPPER_ROOT;13047;8;;;;;13064;18;;;;;13055.5;0.0
1;53700;ASH_COATED_OSMIUM;9995;11;9993;26;;;10011;11;;;;;10003.0;0.0
1;53800;ASH_COATED_OSMIUM;9995;11;9993;24;;;10014;24;;;;;10004.5;0.0
1;53800;INTARIAN_PEPPER_ROOT;13047;9;13044;16;;;13061;9;13064;16;;;13054.0;0.0
1;53900;INTARIAN_PEPPER_ROOT;13047;9;13044;16;;;13061;9;13064;16;;;13054.0;0.0
1;53900;ASH_COATED_OSMIUM;9996;11;9993;25;;;10012;11;10014;25;;;10004.0;0.0
1;54000;INTARIAN_PEPPER_ROOT;13044;23;;;;;13061;12;13064;23;;;13052.5;0.0
1;54000;ASH_COATED_OSMIUM;9993;25;;;;;10012;15;10014;25;;;10002.5;0.0
1;54100;INTARIAN_PEPPER_ROOT;13047;8;13044;16;;;13061;8;13064;16;;;13054.0;0.0
1;54100;ASH_COATED_OSMIUM;9996;13;9993;21;;;10012;13;10014;21;;;10004.0;0.0
1;54200;ASH_COATED_OSMIUM;9995;14;9993;30;;;10011;14;;;;;10003.0;0.0
1;54200;INTARIAN_PEPPER_ROOT;13044;23;;;;;13061;10;;;;;13052.5;0.0
1;54300;INTARIAN_PEPPER_ROOT;13044;16;;;;;13061;8;13065;16;;;13052.5;0.0
1;54300;ASH_COATED_OSMIUM;9993;24;;;;;10011;15;10014;24;;;10002.0;0.0
1;54400;INTARIAN_PEPPER_ROOT;13047;11;13044;15;;;13061;11;13065;15;;;13054.0;0.0
1;54400;ASH_COATED_OSMIUM;;;;;;;10011;10;10014;30;;;10011.0;0.0
1;54500;INTARIAN_PEPPER_ROOT;13047;8;13044;21;;;13062;8;;;;;13054.5;0.0
1;54500;ASH_COATED_OSMIUM;9995;11;;;;;10011;11;;;;;10003.0;0.0
1;54600;ASH_COATED_OSMIUM;9992;29;;;;;10011;12;;;;;10001.5;0.0
1;54600;INTARIAN_PEPPER_ROOT;13048;8;13044;20;;;13062;8;;;;;13055.0;0.0
1;54700;INTARIAN_PEPPER_ROOT;13048;10;13044;17;;;13062;10;13065;17;;;13055.0;0.0
1;54700;ASH_COATED_OSMIUM;9995;14;9993;30;;;10011;14;10014;30;;;10003.0;0.0
1;54800;INTARIAN_PEPPER_ROOT;;;;;;;13062;9;13065;25;;;13062.0;0.0
1;54800;ASH_COATED_OSMIUM;9995;12;9993;25;;;10011;12;;;;;10003.0;0.0
1;54900;INTARIAN_PEPPER_ROOT;13048;11;13045;18;;;13065;18;;;;;13056.5;0.0
1;54900;ASH_COATED_OSMIUM;9996;15;9993;30;;;10014;30;;;;;10005.0;0.0
1;55000;ASH_COATED_OSMIUM;9996;10;9993;29;;;;;;;;;9996.0;0.0
1;55000;INTARIAN_PEPPER_ROOT;;;;;;;13062;10;;;;;13062.0;0.0
1;55100;INTARIAN_PEPPER_ROOT;13048;8;13045;18;;;13062;8;;;;;13055.0;0.0
1;55100;ASH_COATED_OSMIUM;9996;11;9993;27;;;10012;11;;;;;10004.0;0.0
1;55200;INTARIAN_PEPPER_ROOT;13048;9;13045;25;;;13062;9;13065;25;;;13055.0;0.0
1;55200;ASH_COATED_OSMIUM;9993;23;;;;;10011;11;10014;23;;;10002.0;0.0
1;55300;INTARIAN_PEPPER_ROOT;13048;9;13045;17;;;13066;17;;;;;13057.0;0.0
1;55300;ASH_COATED_OSMIUM;9993;30;;;;;;;;;;;9993.0;0.0
1;55400;INTARIAN_PEPPER_ROOT;13048;10;13045;17;;;13062;10;13066;17;;;13055.0;0.0
1;55400;ASH_COATED_OSMIUM;9995;14;9993;24;;;10011;14;10014;24;;;10003.0;0.0
1;55500;ASH_COATED_OSMIUM;9995;13;9992;23;;;10011;13;10013;23;;;10003.0;0.0
1;55500;INTARIAN_PEPPER_ROOT;13048;11;;;;;13063;11;13066;22;;;13055.5;0.0
1;55600;INTARIAN_PEPPER_ROOT;13049;12;13045;16;;;13063;12;13066;16;;;13056.0;0.0
1;55600;ASH_COATED_OSMIUM;9995;14;9993;23;;;10011;14;10014;23;;;10003.0;0.0
1;55700;INTARIAN_PEPPER_ROOT;13053;8;13049;9;13045;15;13063;9;13066;15;;;13058.0;0.0
1;55700;ASH_COATED_OSMIUM;9995;11;9993;20;;;10014;20;;;;;10004.5;0.0
1;55800;INTARIAN_PEPPER_ROOT;13049;12;13046;20;;;13063;12;13066;20;;;13056.0;0.0
1;55800;ASH_COATED_OSMIUM;;;;;;;10011;11;10014;30;;;10011.0;0.0
1;55900;ASH_COATED_OSMIUM;9996;15;9993;22;;;10012;15;;;;;10004.0;0.0
1;55900;INTARIAN_PEPPER_ROOT;13046;16;;;;;;;;;;;13046.0;0.0
1;56000;INTARIAN_PEPPER_ROOT;13049;8;13046;25;;;13063;8;13066;25;;;13056.0;0.0
1;56000;ASH_COATED_OSMIUM;9996;15;9994;23;;;10012;15;10015;23;;;10004.0;0.0
1;56100;INTARIAN_PEPPER_ROOT;13046;15;;;;;13063;10;;;;;13054.5;0.0
1;56100;ASH_COATED_OSMIUM;9996;14;9994;24;;;10015;24;;;;;10005.5;0.0
1;56200;INTARIAN_PEPPER_ROOT;13046;15;;;;;13066;15;;;;;13056.0;0.0
1;56200;ASH_COATED_OSMIUM;9997;13;9994;24;;;10015;24;;;;;10006.0;0.0
1;56300;ASH_COATED_OSMIUM;9997;13;;;;;10013;13;10016;22;;;10005.0;0.0
1;56300;INTARIAN_PEPPER_ROOT;13046;24;;;;;13063;12;13067;24;;;13054.5;0.0
1;56400;INTARIAN_PEPPER_ROOT;13049;11;13046;18;;;13063;11;13067;18;;;13056.0;0.0
1;56400;ASH_COATED_OSMIUM;9998;11;;;;;10007;3;10014;11;10016;24;10002.5;0.0
1;56500;INTARIAN_PEPPER_ROOT;13049;8;13046;23;;;13064;8;13067;23;;;13056.5;0.0
1;56500;ASH_COATED_OSMIUM;9998;10;9995;24;;;10007;4;10014;10;10016;24;10002.5;0.0
1;56600;INTARIAN_PEPPER_ROOT;13050;11;;;;;13067;23;;;;;13058.5;0.0
1;56600;ASH_COATED_OSMIUM;9998;15;;;;;;;;;;;9998.0;0.0
1;56700;ASH_COATED_OSMIUM;9998;10;9996;20;;;10014;10;10017;20;;;10006.0;0.0
1;56700;INTARIAN_PEPPER_ROOT;13046;20;;;;;13064;10;13067;20;;;13055.0;0.0
1;56800;INTARIAN_PEPPER_ROOT;13047;18;;;;;13064;12;13067;18;;;13055.5;0.0
1;56800;ASH_COATED_OSMIUM;9998;12;9995;28;;;10014;12;;;;;10006.0;0.0
1;56900;INTARIAN_PEPPER_ROOT;13047;19;;;;;13064;12;13067;19;;;13055.5;0.0
1;56900;ASH_COATED_OSMIUM;9998;10;9995;20;;;10014;10;;;;;10006.0;0.0
1;57000;ASH_COATED_OSMIUM;9995;30;;;;;10014;12;;;;;10004.5;0.0
1;57000;INTARIAN_PEPPER_ROOT;13047;25;;;;;13064;12;13067;25;;;13055.5;0.0
1;57100;ASH_COATED_OSMIUM;9997;14;9995;24;;;10013;14;10016;24;;;10005.0;0.0
1;57100;INTARIAN_PEPPER_ROOT;13047;25;;;;;13064;11;;;;;13055.5;0.0
1;57200;ASH_COATED_OSMIUM;9997;11;9995;25;;;10013;11;;;;;10005.0;0.0
1;57200;INTARIAN_PEPPER_ROOT;13050;12;13047;21;;;13064;12;13067;21;;;13057.0;0.0
1;57300;INTARIAN_PEPPER_ROOT;13050;11;13047;24;;;13064;11;;;;;13057.0;0.0
1;57300;ASH_COATED_OSMIUM;9997;11;9995;28;;;10007;3;10013;11;10016;28;10002.0;0.0
1;57400;ASH_COATED_OSMIUM;;;;;;;10016;25;;;;;10016.0;0.0
1;57400;INTARIAN_PEPPER_ROOT;13050;11;13047;15;;;13064;11;13068;15;;;13057.0;0.0
1;57500;ASH_COATED_OSMIUM;9997;12;9995;27;;;10013;12;10016;27;;;10005.0;0.0
1;57500;INTARIAN_PEPPER_ROOT;13050;10;13047;19;;;13065;10;13068;19;;;13057.5;0.0
1;57600;INTARIAN_PEPPER_ROOT;13051;11;;;;;13065;11;;;;;13058.0;0.0
1;57600;ASH_COATED_OSMIUM;9995;22;;;;;10014;14;;;;;10004.5;0.0
1;57700;INTARIAN_PEPPER_ROOT;13051;8;13047;23;;;13065;8;;;;;13058.0;0.0
1;57700;ASH_COATED_OSMIUM;9997;10;9995;30;;;10016;30;;;;;10006.5;0.0
1;57800;INTARIAN_PEPPER_ROOT;13051;10;13048;18;;;13065;10;13068;18;;;13058.0;0.0
1;57800;ASH_COATED_OSMIUM;9997;13;9994;27;;;10013;13;10015;27;;;10005.0;0.0
1;57900;ASH_COATED_OSMIUM;9994;27;;;;;10013;15;10015;27;;;10003.5;0.0
1;57900;INTARIAN_PEPPER_ROOT;13048;18;;;;;13065;8;13068;18;;;13056.5;0.0
1;58000;INTARIAN_PEPPER_ROOT;13051;9;13048;21;;;13065;9;;;;;13058.0;0.0
1;58000;ASH_COATED_OSMIUM;9996;14;9993;27;;;10012;14;;;;;10004.0;0.0
1;58100;INTARIAN_PEPPER_ROOT;13048;17;;;;;13065;11;13068;17;;;13056.5;0.0
1;58100;ASH_COATED_OSMIUM;9996;14;9994;20;;;10002;9;10012;14;10015;20;9999.0;0.0
1;58200;INTARIAN_PEPPER_ROOT;13051;9;13048;24;;;13065;9;13068;24;;;13058.0;0.0
1;58200;ASH_COATED_OSMIUM;9994;27;;;;;10015;27;;;;;10004.5;0.0
1;58300;ASH_COATED_OSMIUM;9997;15;;;;;10013;15;10015;29;;;10005.0;0.0
1;58300;INTARIAN_PEPPER_ROOT;13051;8;13048;24;;;13065;8;13069;24;;;13058.0;0.0
1;58400;INTARIAN_PEPPER_ROOT;13051;8;13048;23;;;13065;8;13069;23;;;13058.0;0.0
1;58400;ASH_COATED_OSMIUM;9997;11;9995;23;;;10013;11;;;;;10005.0;0.0
1;58500;INTARIAN_PEPPER_ROOT;13051;12;13048;19;;;13066;12;13069;19;;;13058.5;0.0
1;58500;ASH_COATED_OSMIUM;9997;15;9995;26;;;10013;15;10016;26;;;10005.0;0.0
1;58600;INTARIAN_PEPPER_ROOT;13052;9;;;;;;;;;;;13052.0;0.0
1;58600;ASH_COATED_OSMIUM;9994;25;;;;;10013;12;;;;;10003.5;0.0
1;58700;ASH_COATED_OSMIUM;9997;12;;;;;10013;12;10016;29;;;10005.0;0.0
1;58700;INTARIAN_PEPPER_ROOT;13052;8;13048;16;;;13066;8;13069;16;;;13059.0;0.0
1;58800;INTARIAN_PEPPER_ROOT;13049;17;;;;;13066;9;;;;;13057.5;0.0
1;58800;ASH_COATED_OSMIUM;9997;15;9995;28;;;10013;15;;;;;10005.0;0.0
1;58900;INTARIAN_PEPPER_ROOT;;;;;;;13066;11;13069;24;;;13066.0;0.0
1;58900;ASH_COATED_OSMIUM;9997;14;9995;24;;;10013;14;10016;24;;;10005.0;0.0
1;59000;INTARIAN_PEPPER_ROOT;13052;11;13049;25;;;13066;11;13069;25;;;13059.0;0.0
1;59000;ASH_COATED_OSMIUM;9998;10;;;;;10014;10;10017;21;;;10006.0;0.0
1;59100;ASH_COATED_OSMIUM;9998;10;9995;28;;;10014;10;10016;28;;;10006.0;0.0
1;59100;INTARIAN_PEPPER_ROOT;13052;10;13049;24;;;13066;10;13069;24;;;13059.0;0.0
1;59200;INTARIAN_PEPPER_ROOT;13063;8;13052;12;13049;25;13066;12;13069;25;;;13064.5;0.0
1;59200;ASH_COATED_OSMIUM;10004;5;9996;20;;;10014;12;10017;20;;;10009.0;0.0
1;59300;INTARIAN_PEPPER_ROOT;13052;8;13049;19;;;13066;8;13070;19;;;13059.0;0.0
1;59300;ASH_COATED_OSMIUM;9999;15;9996;24;;;;;;;;;9999.0;0.0
1;59400;INTARIAN_PEPPER_ROOT;13052;8;;;;;13066;8;13070;17;;;13059.0;0.0
1;59400;ASH_COATED_OSMIUM;9998;10;;;;;10014;10;10017;27;;;10006.0;0.0
1;59500;ASH_COATED_OSMIUM;9996;22;;;;;10017;22;;;;;10006.5;0.0
1;59500;INTARIAN_PEPPER_ROOT;13049;20;;;;;13070;20;;;;;13059.5;0.0
1;59600;INTARIAN_PEPPER_ROOT;13053;9;13049;22;;;13067;9;13070;22;;;13060.0;0.0
1;59600;ASH_COATED_OSMIUM;9999;12;9996;26;;;10017;26;;;;;10008.0;0.0
1;59700;INTARIAN_PEPPER_ROOT;13053;11;;;;;13062;12;13067;11;13070;18;13057.5;0.0
1;59700;ASH_COATED_OSMIUM;9999;11;;;;;10009;3;10015;11;10018;24;10004.0;0.0
1;59800;ASH_COATED_OSMIUM;9999;12;9997;29;;;10018;29;;;;;10008.5;0.0
1;59800;INTARIAN_PEPPER_ROOT;13053;8;13050;16;;;13067;8;13070;16;;;13060.0;0.0
1;59900;ASH_COATED_OSMIUM;9996;23;;;;;10015;14;10017;23;;;10005.5;0.0
1;59900;INTARIAN_PEPPER_ROOT;13050;23;;;;;13067;12;;;;;13058.5;0.0
1;60000;ASH_COATED_OSMIUM;9999;14;9996;29;;;10015;14;10017;29;;;10007.0;0.0
1;60000;INTARIAN_PEPPER_ROOT;13053;9;13050;24;;;13067;9;13070;24;;;13060.0;0.0
1;60100;INTARIAN_PEPPER_ROOT;13053;11;13050;19;;;13067;11;13070;19;;;13060.0;0.0
1;60100;ASH_COATED_OSMIUM;9998;11;9996;21;;;10014;11;;;;;10006.0;0.0
1;60200;ASH_COATED_OSMIUM;9998;13;9996;24;;;10017;24;;;;;10007.5;0.0
1;60200;INTARIAN_PEPPER_ROOT;13053;10;13050;19;;;13067;10;13070;19;;;13060.0;0.0
1;60300;ASH_COATED_OSMIUM;9998;13;9996;21;;;10004;9;10014;13;10017;21;10001.0;0.0
1;60300;INTARIAN_PEPPER_ROOT;13050;19;;;;;13067;8;13071;19;;;13058.5;0.0
1;60400;ASH_COATED_OSMIUM;9998;13;;;;;10014;13;10017;26;;;10006.0;0.0
1;60400;INTARIAN_PEPPER_ROOT;13053;11;13050;16;;;13067;11;;;;;13060.0;0.0
1;60500;INTARIAN_PEPPER_ROOT;13053;10;;;;;13068;10;13071;22;;;13060.5;0.0
1;60500;ASH_COATED_OSMIUM;9998;13;9996;29;;;10014;13;10017;29;;;10006.0;0.0
1;60600;ASH_COATED_OSMIUM;9999;11;9996;26;;;10017;26;;;;;10008.0;0.0
1;60600;INTARIAN_PEPPER_ROOT;13054;10;;;;;13068;10;13071;25;;;13061.0;0.0
1;60700;ASH_COATED_OSMIUM;9999;14;;;;;10015;14;10017;23;;;10007.0;0.0
1;60700;INTARIAN_PEPPER_ROOT;13054;8;;;;;13068;8;13071;16;;;13061.0;0.0
1;60800;ASH_COATED_OSMIUM;9996;23;;;;;10017;23;;;;;10006.5;0.0
1;60800;INTARIAN_PEPPER_ROOT;13054;12;13051;19;;;13068;12;13071;19;;;13061.0;0.0
1;60900;INTARIAN_PEPPER_ROOT;13054;12;13051;24;;;13068;12;13071;24;;;13061.0;0.0
1;60900;ASH_COATED_OSMIUM;9999;12;9997;30;;;10015;12;10018;30;;;10007.0;0.0
1;61000;ASH_COATED_OSMIUM;9999;15;9997;26;;;10015;15;;;;;10007.0;0.0
1;61000;INTARIAN_PEPPER_ROOT;13054;10;13051;23;;;13068;10;13071;23;;;13061.0;0.0
1;61100;ASH_COATED_OSMIUM;9999;13;9996;30;;;10015;13;10017;30;;;10007.0;0.0
1;61100;INTARIAN_PEPPER_ROOT;13054;8;13051;15;;;13068;8;13071;15;;;13061.0;0.0
1;61200;ASH_COATED_OSMIUM;9999;11;9996;27;;;10015;11;;;;;10007.0;0.0
1;61200;INTARIAN_PEPPER_ROOT;13054;11;13051;22;;;13071;22;;;;;13062.5;0.0
1;61300;ASH_COATED_OSMIUM;9999;11;9996;30;;;10015;11;10017;30;;;10007.0;0.0
1;61300;INTARIAN_PEPPER_ROOT;13054;12;13051;23;;;13068;12;13072;23;;;13061.0;0.0
1;61400;INTARIAN_PEPPER_ROOT;13054;10;13051;21;;;13068;10;13072;21;;;13061.0;0.0
1;61400;ASH_COATED_OSMIUM;9999;15;9996;23;;;10015;15;;;;;10007.0;0.0
1;61500;ASH_COATED_OSMIUM;9999;14;9996;30;;;;;;;;;9999.0;0.0
1;61500;INTARIAN_PEPPER_ROOT;13054;11;13051;23;;;13069;11;13072;23;;;13061.5;0.0
1;61600;ASH_COATED_OSMIUM;9996;21;;;;;10004;4;10015;13;;;10000.0;0.0
1;61600;INTARIAN_PEPPER_ROOT;13055;9;;;;;13072;15;;;;;13063.5;0.0
1;61700;ASH_COATED_OSMIUM;9999;11;9996;29;;;10015;11;;;;;10007.0;0.0
1;61700;INTARIAN_PEPPER_ROOT;13055;11;13051;22;;;13069;11;13072;22;;;13062.0;0.0
1;61800;INTARIAN_PEPPER_ROOT;13055;10;;;;;13069;10;13072;18;;;13062.0;0.0
1;61800;ASH_COATED_OSMIUM;9996;27;;;;;10015;12;10017;27;;;10005.5;0.0
1;61900;ASH_COATED_OSMIUM;9996;21;;;;;10015;10;10017;21;;;10005.5;0.0
1;61900;INTARIAN_PEPPER_ROOT;13055;11;;;;;13069;11;13072;18;;;13062.0;0.0
1;62000;ASH_COATED_OSMIUM;9998;13;9996;21;;;10014;13;10017;21;;;10006.0;0.0
1;62000;INTARIAN_PEPPER_ROOT;13055;12;13052;17;;;13069;12;13072;17;;;13062.0;0.0
1;62100;INTARIAN_PEPPER_ROOT;13052;21;;;;;13069;8;13072;21;;;13060.5;0.0
1;62100;ASH_COATED_OSMIUM;9995;24;;;;;10014;12;10016;24;;;10004.5;0.0
1;62200;INTARIAN_PEPPER_ROOT;13055;11;13052;16;;;13069;11;13072;16;;;13062.0;0.0
1;62200;ASH_COATED_OSMIUM;9998;10;9996;29;;;10014;10;;;;;10006.0;0.0
1;62300;INTARIAN_PEPPER_ROOT;13055;12;13052;18;;;13069;12;13073;18;;;13062.0;0.0
1;62300;ASH_COATED_OSMIUM;;;;;;;10016;21;;;;;10016.0;0.0
1;62400;ASH_COATED_OSMIUM;9998;13;9996;30;;;10014;13;10017;30;;;10006.0;0.0
1;62400;INTARIAN_PEPPER_ROOT;13055;10;13052;15;;;13069;10;13073;15;;;13062.0;0.0
1;62500;INTARIAN_PEPPER_ROOT;13055;9;13052;17;;;13070;9;;;;;13062.5;0.0
1;62500;ASH_COATED_OSMIUM;9998;14;9995;24;;;10014;14;10016;24;;;10006.0;0.0
1;62600;INTARIAN_PEPPER_ROOT;13056;12;;;;;13070;12;13073;25;;;13063.0;0.0
1;62600;ASH_COATED_OSMIUM;9997;15;9995;25;;;10016;25;;;;;10006.5;0.0
1;62700;INTARIAN_PEPPER_ROOT;13056;11;13052;17;;;13073;17;;;;;13064.5;0.0
1;62700;ASH_COATED_OSMIUM;9997;15;9995;24;;;10013;15;10016;24;;;10005.0;0.0
1;62800;ASH_COATED_OSMIUM;9998;10;9995;24;;;10014;10;10016;24;;;10006.0;0.0
1;62800;INTARIAN_PEPPER_ROOT;13056;10;13053;25;;;13070;10;13073;25;;;13063.0;0.0
1;62900;INTARIAN_PEPPER_ROOT;13053;18;;;;;13070;9;13073;18;;;13061.5;0.0
1;62900;ASH_COATED_OSMIUM;9998;13;9996;30;;;10014;13;10017;30;;;10006.0;0.0
1;63000;INTARIAN_PEPPER_ROOT;13053;25;;;;;13073;25;;;;;13063.0;0.0
1;63000;ASH_COATED_OSMIUM;9999;10;9996;24;;;10015;10;10017;24;;;10007.0;0.0
1;63100;INTARIAN_PEPPER_ROOT;13056;12;13053;16;;;13070;12;13073;16;;;13063.0;0.0
1;63100;ASH_COATED_OSMIUM;9999;14;9996;23;;;10015;14;10017;23;;;10007.0;0.0
1;63200;ASH_COATED_OSMIUM;9999;10;9996;20;;;10015;10;;;;;10007.0;0.0
1;63200;INTARIAN_PEPPER_ROOT;13056;10;13053;19;;;13073;19;;;;;13064.5;0.0
1;63300;INTARIAN_PEPPER_ROOT;13056;11;13053;18;;;13070;11;13074;18;;;13063.0;0.0
1;63300;ASH_COATED_OSMIUM;9996;24;;;;;10015;14;10017;24;;;10005.5;0.0
1;63400;INTARIAN_PEPPER_ROOT;13056;10;13053;17;;;13070;10;13074;17;;;13063.0;0.0
1;63400;ASH_COATED_OSMIUM;9999;10;9996;24;;;10017;24;;;;;10008.0;0.0
1;63500;INTARIAN_PEPPER_ROOT;13053;25;;;;;13071;10;13074;25;;;13062.0;0.0
1;63500;ASH_COATED_OSMIUM;9999;10;9996;23;;;10015;10;10017;23;;;10007.0;0.0
1;63600;ASH_COATED_OSMIUM;9999;11;9996;26;;;10015;11;10017;26;;;10007.0;0.0
1;63600;INTARIAN_PEPPER_ROOT;13057;8;13053;25;;;13071;8;13074;25;;;13064.0;0.0
1;63700;INTARIAN_PEPPER_ROOT;13053;25;;;;;13071;10;13074;25;;;13062.0;0.0
1;63700;ASH_COATED_OSMIUM;9998;14;9996;26;;;10014;14;10017;26;;;10006.0;0.0
1;63800;INTARIAN_PEPPER_ROOT;13057;12;13054;19;;;13071;12;;;;;13064.0;0.0
1;63800;ASH_COATED_OSMIUM;9996;20;;;;;10014;10;10017;20;;;10005.0;0.0
1;63900;INTARIAN_PEPPER_ROOT;13054;25;;;;;13071;10;13074;25;;;13062.5;0.0
1;63900;ASH_COATED_OSMIUM;;;;;;;10017;21;;;;;10017.0;0.0
1;64000;ASH_COATED_OSMIUM;9998;11;9995;25;;;10014;11;10016;25;;;10006.0;0.0
1;64000;INTARIAN_PEPPER_ROOT;13057;9;13054;16;;;13071;9;13074;16;;;13064.0;0.0
1;64100;INTARIAN_PEPPER_ROOT;;;;;;;13071;12;13074;23;;;13071.0;0.0
1;64100;ASH_COATED_OSMIUM;;;;;;;10016;26;;;;;10016.0;0.0
1;64200;INTARIAN_PEPPER_ROOT;13057;8;13054;16;;;13071;8;13074;16;;;13064.0;0.0
1;64200;ASH_COATED_OSMIUM;9997;11;9995;30;;;10013;11;10016;30;;;10005.0;0.0
1;64300;INTARIAN_PEPPER_ROOT;13057;10;;;;;13060;3;13071;10;13075;17;13058.5;0.0
1;64300;ASH_COATED_OSMIUM;9997;11;9995;20;;;10013;11;10016;20;;;10005.0;0.0
1;64400;INTARIAN_PEPPER_ROOT;13054;24;;;;;13071;11;13075;24;;;13062.5;0.0
1;64400;ASH_COATED_OSMIUM;9997;14;9995;21;;;10013;14;10016;21;;;10005.0;0.0
1;64500;ASH_COATED_OSMIUM;9997;13;9995;28;;;10013;13;;;;;10005.0;0.0
1;64500;INTARIAN_PEPPER_ROOT;13057;8;13054;18;;;13072;8;13075;18;;;13064.5;0.0
1;64600;INTARIAN_PEPPER_ROOT;13054;19;;;;;13075;19;;;;;13064.5;0.0
1;64600;ASH_COATED_OSMIUM;9997;10;9995;26;;;10013;10;10016;26;;;10005.0;0.0
1;64700;INTARIAN_PEPPER_ROOT;13058;9;13054;24;;;13072;9;13075;24;;;13065.0;0.0
1;64700;ASH_COATED_OSMIUM;9998;10;9995;28;;;10014;10;10016;28;;;10006.0;0.0
1;64800;INTARIAN_PEPPER_ROOT;13058;9;13055;25;;;13075;25;;;;;13066.5;0.0
1;64800;ASH_COATED_OSMIUM;9998;15;9995;25;;;10014;15;10016;25;;;10006.0;0.0
1;64900;ASH_COATED_OSMIUM;;;;;;;10013;13;10016;29;;;10013.0;0.0
1;64900;INTARIAN_PEPPER_ROOT;13055;23;;;;;13072;12;13075;23;;;13063.5;0.0
1;65000;INTARIAN_PEPPER_ROOT;13058;12;13055;17;;;13072;12;13075;17;;;13065.0;0.0
1;65000;ASH_COATED_OSMIUM;9995;25;;;;;10016;25;;;;;10005.5;0.0
1;65100;INTARIAN_PEPPER_ROOT;13055;18;;;;;13075;18;;;;;13065.0;0.0
1;65100;ASH_COATED_OSMIUM;9997;13;9994;25;;;10013;13;;;;;10005.0;0.0
1;65200;INTARIAN_PEPPER_ROOT;13058;9;13055;16;;;13072;9;13075;16;;;13065.0;0.0
1;65200;ASH_COATED_OSMIUM;9997;12;9994;23;;;10013;12;10016;23;;;10005.0;0.0
1;65300;ASH_COATED_OSMIUM;9997;11;9994;21;;;10013;11;10015;21;;;10005.0;0.0
1;65300;INTARIAN_PEPPER_ROOT;13058;12;13055;21;;;13072;12;13076;21;;;13065.0;0.0
1;65400;INTARIAN_PEPPER_ROOT;13058;12;13055;25;;;13072;12;13076;25;;;13065.0;0.0
1;65400;ASH_COATED_OSMIUM;9997;13;9995;23;;;10016;23;;;;;10006.5;0.0
1;65500;INTARIAN_PEPPER_ROOT;13058;9;13055;15;;;13076;15;;;;;13067.0;0.0
1;65500;ASH_COATED_OSMIUM;9997;11;9995;24;;;10013;11;10016;24;;;10005.0;0.0
1;65600;INTARIAN_PEPPER_ROOT;13059;11;13055;22;;;13073;11;13076;22;;;13066.0;0.0
1;65600;ASH_COATED_OSMIUM;9998;11;;;;;10016;26;;;;;10007.0;0.0
1;65700;ASH_COATED_OSMIUM;9998;14;9995;26;;;10014;14;10016;26;;;10006.0;0.0
1;65700;INTARIAN_PEPPER_ROOT;13059;12;;;;;13073;12;13076;15;;;13066.0;0.0
1;65800;ASH_COATED_OSMIUM;9995;24;;;;;10016;24;;;;;10005.5;0.0
1;65800;INTARIAN_PEPPER_ROOT;13059;12;;;;;13073;12;13076;17;;;13066.0;0.0
1;65900;INTARIAN_PEPPER_ROOT;13059;12;13056;22;;;13073;12;;;;;13066.0;0.0
1;65900;ASH_COATED_OSMIUM;9998;10;9995;29;;;10016;29;;;;;10007.0;0.0
1;66000;ASH_COATED_OSMIUM;9995;23;;;;;10014;13;;;;;10004.5;0.0
1;66000;INTARIAN_PEPPER_ROOT;13059;12;13056;20;;;13073;12;13076;20;;;13066.0;0.0
1;66100;ASH_COATED_OSMIUM;9998;12;9996;29;;;10014;12;10017;29;;;10006.0;0.0
1;66100;INTARIAN_PEPPER_ROOT;13059;8;13056;25;;;13073;8;;;;;13066.0;0.0
1;66200;ASH_COATED_OSMIUM;9998;10;9995;26;;;;;;;;;9998.0;0.0
1;66200;INTARIAN_PEPPER_ROOT;13059;8;13056;22;;;;;;;;;13059.0;0.0
1;66300;INTARIAN_PEPPER_ROOT;13059;11;13056;25;;;13073;11;;;;;13066.0;0.0
1;66300;ASH_COATED_OSMIUM;9998;11;9996;22;;;10017;22;;;;;10007.5;0.0
1;66400;ASH_COATED_OSMIUM;9998;14;9995;24;;;10014;14;10016;24;;;10006.0;0.0
1;66400;INTARIAN_PEPPER_ROOT;13059;10;13056;25;;;13077;25;;;;;13068.0;0.0
1;66500;ASH_COATED_OSMIUM;9995;30;;;;;10014;15;;;;;10004.5;0.0
1;66500;INTARIAN_PEPPER_ROOT;13056;19;;;;;13074;9;13077;19;;;13065.0;0.0
1;66600;INTARIAN_PEPPER_ROOT;13060;10;13056;16;;;13074;10;13077;16;;;13067.0;0.0
1;66600;ASH_COATED_OSMIUM;9998;12;9995;20;;;10016;20;;;;;10007.0;0.0
1;66700;INTARIAN_PEPPER_ROOT;13060;10;13056;21;;;13074;10;13077;21;;;13067.0;0.0
1;66700;ASH_COATED_OSMIUM;9998;11;9996;20;;;10014;11;10017;20;;;10006.0;0.0
1;66800;INTARIAN_PEPPER_ROOT;13060;10;13057;20;;;13074;10;13077;20;;;13067.0;0.0
1;66800;ASH_COATED_OSMIUM;9999;11;9996;27;;;10017;27;;;;;10008.0;0.0
1;66900;ASH_COATED_OSMIUM;9999;11;9996;21;;;10015;11;10017;21;;;10007.0;0.0
1;66900;INTARIAN_PEPPER_ROOT;13060;12;13057;22;;;;;;;;;13060.0;0.0
1;67000;INTARIAN_PEPPER_ROOT;13060;9;13057;23;;;13074;9;13077;23;;;13067.0;0.0
1;67000;ASH_COATED_OSMIUM;9999;15;9997;22;;;10015;15;10018;22;;;10007.0;0.0
1;67100;INTARIAN_PEPPER_ROOT;13060;11;13057;20;;;13074;11;13077;20;;;13067.0;0.0
1;67100;ASH_COATED_OSMIUM;9999;10;9996;23;;;10015;10;10017;23;;;10007.0;0.0
1;67200;INTARIAN_PEPPER_ROOT;13060;9;;;;;13074;9;;;;;13067.0;0.0
1;67200;ASH_COATED_OSMIUM;9999;12;9996;26;;;10015;12;10017;26;;;10007.0;0.0
1;67300;ASH_COATED_OSMIUM;9999;10;9996;26;;;10015;10;10018;26;;;10007.0;0.0
1;67300;INTARIAN_PEPPER_ROOT;13060;8;13057;15;;;13074;8;13078;15;;;13067.0;0.0
1;67400;INTARIAN_PEPPER_ROOT;13060;9;13057;17;;;13074;9;13078;17;;;13067.0;0.0
1;67400;ASH_COATED_OSMIUM;9997;21;;;;;10015;11;10018;21;;;10006.0;0.0
1;67500;INTARIAN_PEPPER_ROOT;13060;9;13057;19;;;13075;9;13078;19;;;13067.5;0.0
1;67500;ASH_COATED_OSMIUM;9999;12;9997;27;;;10015;12;10018;27;;;10007.0;0.0
1;67600;INTARIAN_PEPPER_ROOT;13061;9;13057;23;;;13075;9;13078;23;;;13068.0;0.0
1;67600;ASH_COATED_OSMIUM;9999;11;9997;25;;;10015;11;10018;25;;;10007.0;0.0
1;67700;ASH_COATED_OSMIUM;10000;11;;;;;10016;11;10018;25;;;10008.0;0.0
1;67700;INTARIAN_PEPPER_ROOT;13061;11;13057;17;;;13075;11;13078;17;;;13068.0;0.0
1;67800;INTARIAN_PEPPER_ROOT;13061;12;;;;;13075;12;13078;21;;;13068.0;0.0
1;67800;ASH_COATED_OSMIUM;10000;10;;;;;10016;10;10018;25;;;10008.0;0.0
1;67900;INTARIAN_PEPPER_ROOT;13061;12;13058;20;;;13075;12;13078;20;;;13068.0;0.0
1;67900;ASH_COATED_OSMIUM;10000;13;9997;21;;;10018;21;;;;;10009.0;0.0
1;68000;INTARIAN_PEPPER_ROOT;13061;11;13058;16;;;13075;11;13078;16;;;13068.0;0.0
1;68000;ASH_COATED_OSMIUM;10000;12;9997;29;;;10018;29;;;;;10009.0;0.0
