timestamp;buyer;seller;symbol;currency;price;quantity
0;;;ASH_COATED_OSMIUM;XIRECS;10000.0;6
3600;;;ASH_COATED_OSMIUM;XIRECS;10017.0;3
4200;;;ASH_COATED_OSMIUM;XIRECS;10017.0;2
4400;;;INTARIAN_PEPPER_ROOT;XIRECS;13011.0;5
4800;;;INTARIAN_PEPPER_ROOT;XIRECS;13008.0;3
5000;;;INTARIAN_PEPPER_ROOT;XIRECS;12998.0;5
9100;;;ASH_COATED_OSMIUM;XIRECS;10006.0;4
9600;;;ASH_COATED_OSMIUM;XIRECS;9999.0;6
10000;;;ASH_COATED_OSMIUM;XIRECS;9999.0;8
12100;;;ASH_COATED_OSMIUM;XIRECS;9998.0;5
14000;;;ASH_COATED_OSMIUM;XIRECS;10012.0;3
15100;;;ASH_COATED_OSMIUM;XIRECS;10013.0;2
15100;;;ASH_COATED_OSMIUM;XIRECS;10013.0;8
17400;;;INTARIAN_PEPPER_ROOT;XIRECS;13013.0;3
18500;;;ASH_COATED_OSMIUM;XIRECS;10016.0;6
23000;;;INTARIAN_PEPPER_ROOT;XIRECS;13016.0;4
23100;;;INTARIAN_PEPPER_ROOT;XIRECS;13019.0;4
23900;;;ASH_COATED_OSMIUM;XIRECS;9996.0;4
24300;;;ASH_COATED_OSMIUM;XIRECS;9995.0;4
24600;;;ASH_COATED_OSMIUM;XIRECS;9995.0;3
30400;;;ASH_COATED_OSMIUM;XIRECS;10008.0;2
30400;;;INTARIAN_PEPPER_ROOT;XIRECS;13037.0;6
32800;;;ASH_COATED_OSMIUM;XIRECS;9992.0;4
33300;;;INTARIAN_PEPPER_ROOT;XIRECS;13037.0;7
34000;;;ASH_COATED_OSMIUM;XIRECS;10010.0;7
34400;;;INTARIAN_PEPPER_ROOT;XIRECS;13041.0;3
34500;;;ASH_COATED_OSMIUM;XIRECS;9994.0;8
35700;;;INTARIAN_PEPPER_ROOT;XIRECS;13043.0;7
35700;;;INTARIAN_PEPPER_ROOT;XIRECS;13039.0;3
35800;;;INTARIAN_PEPPER_ROOT;XIRECS;13031.0;7
36500;;;ASH_COATED_OSMIUM;XIRECS;10010.0;3
37900;;;ASH_COATED_OSMIUM;XIRECS;9992.0;4
38400;;;ASH_COATED_OSMIUM;XIRECS;10008.0;3
38500;;;INTARIAN_PEPPER_ROOT;XIRECS;13028.0;5
39100;;;ASH_COATED_OSMIUM;XIRECS;10008.0;6
39900;;;ASH_COATED_OSMIUM;XIRECS;10008.0;7
41500;;;ASH_COATED_OSMIUM;XIRECS;10009.0;5
42800;;;INTARIAN_PEPPER_ROOT;XIRECS;13050.0;5
44700;;;INTARIAN_PEPPER_ROOT;XIRECS;13040.0;8
50900;;;ASH_COATED_OSMIUM;XIRECS;9995.0;5
51400;;;INTARIAN_PEPPER_ROOT;XIRECS;13041.0;4
52600;;;INTARIAN_PEPPER_ROOT;XIRECS;13056.0;8
54600;;;ASH_COATED_OSMIUM;XIRECS;9992.0;6
57000;;;INTARIAN_PEPPER_ROOT;XIRECS;13064.0;4
58400;;;ASH_COATED_OSMIUM;XIRECS;9997.0;3
59500;;;ASH_COATED_OSMIUM;XIRECS;10017.0;2
61700;;;INTARIAN_PEPPER_ROOT;XIRECS;13069.0;6
62000;;;ASH_COATED_OSMIUM;XIRECS;10014.0;6
63700;;;ASH_COATED_OSMIUM;XIRECS;9998.0;2
64300;;;INTARIAN_PEPPER_ROOT;XIRECS;13060.0;3
64900;;;ASH_COATED_OSMIUM;XIRECS;10013.0;4
65300;;;ASH_COATED_OSMIUM;XIRECS;9997.0;2
68000;;;ASH_COATED_OSMIUM;XIRECS;10018.0;3
70400;;;INTARIAN_PEPPER_ROOT;XIRECS;13074.0;5
71500;;;INTARIAN_PEPPER_ROOT;XIRECS;13067.0;4
73700;;;INTARIAN_PEPPER_ROOT;XIRECS;13067.0;4
76300;;;ASH_COATED_OSMIUM;XIRECS;9997.0;6
76500;;;ASH_COATED_OSMIUM;XIRECS;10016.0;8
77200;;;INTARIAN_PEPPER_ROOT;XIRECS;13070.0;3
80200;;;INTARIAN_PEPPER_ROOT;XIRECS;13073.0;5
83000;;;INTARIAN_PEPPER_ROOT;XIRECS;13086.0;6
83700;;;ASH_COATED_OSMIUM;XIRECS;10015.0;2
84400;;;INTARIAN_PEPPER_ROOT;XIRECS;13088.0;5
84600;;;INTARIAN_PEPPER_ROOT;XIRECS;13092.0;6
84800;;;INTARIAN_PEPPER_ROOT;XIRECS;13088.0;5
85500;;;ASH_COATED_OSMIUM;XIRECS;9996.0;7
85700;;;ASH_COATED_OSMIUM;XIRECS;10001.0;3
85900;;;ASH_COATED_OSMIUM;XIRECS;9995.0;5
87900;;;ASH_COATED_OSMIUM;XIRECS;9993.0;5
88300;;;ASH_COATED_OSMIUM;XIRECS;10012.0;2
90200;;;ASH_COATED_OSMIUM;XIRECS;10010.0;10
90800;;;ASH_COATED_OSMIUM;XIRECS;9993.0;6
91700;;;INTARIAN_PEPPER_ROOT;XIRECS;13087.0;8
92500;;;INTARIAN_PEPPER_ROOT;XIRECS;13100.0;7
95100;;;INTARIAN_PEPPER_ROOT;XIRECS;13091.0;8
96100;;;ASH_COATED_OSMIUM;XIRECS;10009.0;3
96900;;;ASH_COATED_OSMIUM;XIRECS;10010.0;8
97100;;;ASH_COATED_OSMIUM;XIRECS;10010.0;6
106100;;;ASH_COATED_OSMIUM;XIRECS;10012.0;5
107000;;;INTARIAN_PEPPER_ROOT;XIRECS;13114.0;7
109800;;;INTARIAN_PEPPER_ROOT;XIRECS;13117.0;4
109800;;;INTARIAN_PEPPER_ROOT;XIRECS;13113.0;3
110500;;;INTARIAN_PEPPER_ROOT;XIRECS;13114.0;8
111800;;;ASH_COATED_OSMIUM;XIRECS;9994.0;5
114900;;;ASH_COATED_OSMIUM;XIRECS;9992.0;3
116100;;;ASH_COATED_OSMIUM;XIRECS;9993.0;8
117500;;;INTARIAN_PEPPER_ROOT;XIRECS;13110.0;6
120100;;;INTARIAN_PEPPER_ROOT;XIRECS;13127.0;4
122000;;;ASH_COATED_OSMIUM;XIRECS;10008.0;10
122400;;;INTARIAN_PEPPER_ROOT;XIRECS;13133.0;7
122500;;;ASH_COATED_OSMIUM;XIRECS;10009.0;5
124700;;;ASH_COATED_OSMIUM;XIRECS;9991.0;2
126600;;;ASH_COATED_OSMIUM;XIRECS;9992.0;6
126700;;;ASH_COATED_OSMIUM;XIRECS;9992.0;6
127800;;;INTARIAN_PEPPER_ROOT;XIRECS;13117.0;3
128000;;;ASH_COATED_OSMIUM;XIRECS;10007.0;2
129500;;;INTARIAN_PEPPER_ROOT;XIRECS;13137.0;3
130500;;;ASH_COATED_OSMIUM;XIRECS;10007.0;2
131000;;;ASH_COATED_OSMIUM;XIRECS;10008.0;9
131100;;;INTARIAN_PEPPER_ROOT;XIRECS;13141.0;4
131600;;;ASH_COATED_OSMIUM;XIRECS;10011.0;2
132300;;;INTARIAN_PEPPER_ROOT;XIRECS;13125.0;3
134400;;;INTARIAN_PEPPER_ROOT;XIRECS;13141.0;4
137900;;;ASH_COATED_OSMIUM;XIRECS;10012.0;3
138000;;;INTARIAN_PEPPER_ROOT;XIRECS;13131.0;4
138700;;;INTARIAN_PEPPER_ROOT;XIRECS;13142.0;3
139400;;;ASH_COATED_OSMIUM;XIRECS;9997.0;5
139600;;;ASH_COATED_OSMIUM;XIRECS;9997.0;6
141900;;;INTARIAN_PEPPER_ROOT;XIRECS;13135.0;4
142200;;;ASH_COATED_OSMIUM;XIRECS;9997.0;2
142200;;;ASH_COATED_OSMIUM;XIRECS;9997.0;6
142300;;;INTARIAN_PEPPER_ROOT;XIRECS;13146.0;6
146900;;;ASH_COATED_OSMIUM;XIRECS;10014.0;6
148200;;;INTARIAN_PEPPER_ROOT;XIRECS;13141.0;7
149500;;;ASH_COATED_OSMIUM;XIRECS;10015.0;9
153400;;;ASH_COATED_OSMIUM;XIRECS;9999.0;5
154800;;;ASH_COATED_OSMIUM;XIRECS;10000.0;2
155300;;;ASH_COATED_OSMIUM;XIRECS;10016.0;10
155500;;;ASH_COATED_OSMIUM;XIRECS;10016.0;6
155700;;;ASH_COATED_OSMIUM;XIRECS;10018.0;7
158400;;;ASH_COATED_OSMIUM;XIRECS;9996.0;5
164100;;;INTARIAN_PEPPER_ROOT;XIRECS;13168.0;5
164200;;;INTARIAN_PEPPER_ROOT;XIRECS;13160.0;7
165500;;;ASH_COATED_OSMIUM;XIRECS;10009.0;4
170300;;;INTARIAN_PEPPER_ROOT;XIRECS;13177.0;7
170500;;;INTARIAN_PEPPER_ROOT;XIRECS;13174.0;7
172900;;;ASH_COATED_OSMIUM;XIRECS;10015.0;4
173300;;;ASH_COATED_OSMIUM;XIRECS;10015.0;4
177700;;;ASH_COATED_OSMIUM;XIRECS;10000.0;10
177900;;;INTARIAN_PEPPER_ROOT;XIRECS;13171.0;5
181800;;;ASH_COATED_OSMIUM;XIRECS;10002.0;2
182900;;;ASH_COATED_OSMIUM;XIRECS;10001.0;5
184700;;;ASH_COATED_OSMIUM;XIRECS;10011.0;5
185000;;;ASH_COATED_OSMIUM;XIRECS;10001.0;4
185900;;;ASH_COATED_OSMIUM;XIRECS;10001.0;10
187000;;;ASH_COATED_OSMIUM;XIRECS;10002.0;4
190600;;;ASH_COATED_OSMIUM;XIRECS;10018.0;3
191800;;;INTARIAN_PEPPER_ROOT;XIRECS;13185.0;4
192600;;;ASH_COATED_OSMIUM;XIRECS;9997.0;8
192900;;;ASH_COATED_OSMIUM;XIRECS;10015.0;10
194900;;;INTARIAN_PEPPER_ROOT;XIRECS;13190.0;6
197300;;;ASH_COATED_OSMIUM;XIRECS;9996.0;9
198600;;;INTARIAN_PEPPER_ROOT;XIRECS;13192.0;5
199400;;;INTARIAN_PEPPER_ROOT;XIRECS;13206.0;5
200300;;;ASH_COATED_OSMIUM;XIRECS;9992.0;6
200300;;;ASH_COATED_OSMIUM;XIRECS;9992.0;10
200600;;;ASH_COATED_OSMIUM;XIRECS;10011.0;2
200700;;;ASH_COATED_OSMIUM;XIRECS;10011.0;8
200800;;;ASH_COATED_OSMIUM;XIRECS;10011.0;2
201900;;;ASH_COATED_OSMIUM;XIRECS;9992.0;4
204000;;;INTARIAN_PEPPER_ROOT;XIRECS;13211.0;7
204600;;;INTARIAN_PEPPER_ROOT;XIRECS;13197.0;5
205800;;;ASH_COATED_OSMIUM;XIRECS;9993.0;2
206600;;;ASH_COATED_OSMIUM;XIRECS;9991.0;7
207500;;;INTARIAN_PEPPER_ROOT;XIRECS;13215.0;3
208900;;;ASH_COATED_OSMIUM;XIRECS;9992.0;10
210200;;;ASH_COATED_OSMIUM;XIRECS;9993.0;4
211400;;;INTARIAN_PEPPER_ROOT;XIRECS;13207.0;7
212100;;;INTARIAN_PEPPER_ROOT;XIRECS;13216.0;4
212900;;;ASH_COATED_OSMIUM;XIRECS;9993.0;6
215000;;;INTARIAN_PEPPER_ROOT;XIRECS;13222.0;7
217000;;;INTARIAN_PEPPER_ROOT;XIRECS;13224.0;5
217500;;;INTARIAN_PEPPER_ROOT;XIRECS;13225.0;6
220600;;;INTARIAN_PEPPER_ROOT;XIRECS;13216.0;4
220800;;;INTARIAN_PEPPER_ROOT;XIRECS;13224.0;6
223100;;;ASH_COATED_OSMIUM;XIRECS;10010.0;2
224300;;;INTARIAN_PEPPER_ROOT;XIRECS;13231.0;3
224900;;;ASH_COATED_OSMIUM;XIRECS;10008.0;7
225000;;;ASH_COATED_OSMIUM;XIRECS;10008.0;5
225000;;;INTARIAN_PEPPER_ROOT;XIRECS;13218.0;7
226200;;;ASH_COATED_OSMIUM;XIRECS;9991.0;6
227800;;;ASH_COATED_OSMIUM;XIRECS;9990.0;5
228000;;;ASH_COATED_OSMIUM;XIRECS;9990.0;5
229400;;;ASH_COATED_OSMIUM;XIRECS;10007.0;2
229800;;;ASH_COATED_OSMIUM;XIRECS;10007.0;5
234600;;;INTARIAN_PEPPER_ROOT;XIRECS;13242.0;4
235600;;;ASH_COATED_OSMIUM;XIRECS;9986.0;8
236300;;;ASH_COATED_OSMIUM;XIRECS;9989.0;4
236700;;;ASH_COATED_OSMIUM;XIRECS;9988.0;2
236800;;;ASH_COATED_OSMIUM;XIRECS;9988.0;4
237200;;;ASH_COATED_OSMIUM;XIRECS;10004.0;5
237300;;;ASH_COATED_OSMIUM;XIRECS;9987.0;3
237500;;;INTARIAN_PEPPER_ROOT;XIRECS;13245.0;4
239700;;;INTARIAN_PEPPER_ROOT;XIRECS;13247.0;7
241700;;;ASH_COATED_OSMIUM;XIRECS;9988.0;7
242000;;;INTARIAN_PEPPER_ROOT;XIRECS;13249.0;7
243000;;;ASH_COATED_OSMIUM;XIRECS;10005.0;5
243400;;;ASH_COATED_OSMIUM;XIRECS;10008.0;6
243500;;;INTARIAN_PEPPER_ROOT;XIRECS;13247.0;4
243700;;;ASH_COATED_OSMIUM;XIRECS;10005.0;6
246200;;;ASH_COATED_OSMIUM;XIRECS;9985.0;9
247800;;;ASH_COATED_OSMIUM;XIRECS;9987.0;6
248700;;;INTARIAN_PEPPER_ROOT;XIRECS;13242.0;4
251900;;;ASH_COATED_OSMIUM;XIRECS;9989.0;4
252400;;;ASH_COATED_OSMIUM;XIRECS;10004.0;7
258300;;;ASH_COATED_OSMIUM;XIRECS;10008.0;9
258600;;;ASH_COATED_OSMIUM;XIRECS;10008.0;4
259400;;;ASH_COATED_OSMIUM;XIRECS;9990.0;8
260100;;;INTARIAN_PEPPER_ROOT;XIRECS;13267.0;5
260500;;;ASH_COATED_OSMIUM;XIRECS;10005.0;7
260800;;;ASH_COATED_OSMIUM;XIRECS;10005.0;2
261500;;;ASH_COATED_OSMIUM;XIRECS;9990.0;2
264100;;;INTARIAN_PEPPER_ROOT;XIRECS;13254.0;7
265000;;;ASH_COATED_OSMIUM;XIRECS;9993.0;8
265100;;;INTARIAN_PEPPER_ROOT;XIRECS;13261.0;6
267000;;;ASH_COATED_OSMIUM;XIRECS;9989.0;9
267500;;;INTARIAN_PEPPER_ROOT;XIRECS;13257.0;3
269000;;;ASH_COATED_OSMIUM;XIRECS;10005.0;6
269600;;;ASH_COATED_OSMIUM;XIRECS;9989.0;4
270600;;;ASH_COATED_OSMIUM;XIRECS;10005.0;2
270700;;;INTARIAN_PEPPER_ROOT;XIRECS;13278.0;6
272000;;;ASH_COATED_OSMIUM;XIRECS;10008.0;5
273000;;;ASH_COATED_OSMIUM;XIRECS;10005.0;6
274100;;;INTARIAN_PEPPER_ROOT;XIRECS;13270.0;6
274300;;;INTARIAN_PEPPER_ROOT;XIRECS;13278.0;8
275800;;;ASH_COATED_OSMIUM;XIRECS;10006.0;4
281100;;;ASH_COATED_OSMIUM;XIRECS;9990.0;2
282600;;;INTARIAN_PEPPER_ROOT;XIRECS;13286.0;6
282700;;;ASH_COATED_OSMIUM;XIRECS;9988.0;4
282700;;;ASH_COATED_OSMIUM;XIRECS;10004.0;6
291600;;;ASH_COATED_OSMIUM;XIRECS;9988.0;3
294100;;;INTARIAN_PEPPER_ROOT;XIRECS;13301.0;3
295500;;;ASH_COATED_OSMIUM;XIRECS;10004.0;8
297000;;;ASH_COATED_OSMIUM;XIRECS;10003.0;9
297500;;;ASH_COATED_OSMIUM;XIRECS;10003.0;3
299700;;;ASH_COATED_OSMIUM;XIRECS;9986.0;2
300000;;;INTARIAN_PEPPER_ROOT;XIRECS;13307.0;7
301400;;;INTARIAN_PEPPER_ROOT;XIRECS;13309.0;7
301600;;;ASH_COATED_OSMIUM;XIRECS;9990.0;9
306000;;;INTARIAN_PEPPER_ROOT;XIRECS;13309.0;5
306200;;;ASH_COATED_OSMIUM;XIRECS;9986.0;6
306500;;;ASH_COATED_OSMIUM;XIRECS;10008.0;5
307600;;;ASH_COATED_OSMIUM;XIRECS;9990.0;5
310000;;;ASH_COATED_OSMIUM;XIRECS;10009.0;9
311100;;;ASH_COATED_OSMIUM;XIRECS;10007.0;6
311200;;;INTARIAN_PEPPER_ROOT;XIRECS;13304.0;3
311700;;;INTARIAN_PEPPER_ROOT;XIRECS;13315.0;6
313300;;;ASH_COATED_OSMIUM;XIRECS;9992.0;2
314400;;;INTARIAN_PEPPER_ROOT;XIRECS;13322.0;6
321100;;;ASH_COATED_OSMIUM;XIRECS;10012.0;6
323200;;;INTARIAN_PEPPER_ROOT;XIRECS;13327.0;5
323500;;;ASH_COATED_OSMIUM;XIRECS;9995.0;6
324800;;;ASH_COATED_OSMIUM;XIRECS;9993.0;2
325200;;;ASH_COATED_OSMIUM;XIRECS;10012.0;5
327400;;;INTARIAN_PEPPER_ROOT;XIRECS;13320.0;6
327600;;;INTARIAN_PEPPER_ROOT;XIRECS;13338.0;3
329000;;;ASH_COATED_OSMIUM;XIRECS;9996.0;9
330000;;;ASH_COATED_OSMIUM;XIRECS;10012.0;4
330800;;;ASH_COATED_OSMIUM;XIRECS;9994.0;2
331500;;;INTARIAN_PEPPER_ROOT;XIRECS;13324.0;3
331800;;;ASH_COATED_OSMIUM;XIRECS;10011.0;8
332800;;;ASH_COATED_OSMIUM;XIRECS;10008.0;5
334600;;;INTARIAN_PEPPER_ROOT;XIRECS;13342.0;3
334900;;;INTARIAN_PEPPER_ROOT;XIRECS;13328.0;3
335500;;;INTARIAN_PEPPER_ROOT;XIRECS;13343.0;3
335800;;;ASH_COATED_OSMIUM;XIRECS;9993.0;6
336200;;;ASH_COATED_OSMIUM;XIRECS;9993.0;6
336400;;;ASH_COATED_OSMIUM;XIRECS;10010.0;9
336700;;;INTARIAN_PEPPER_ROOT;XIRECS;13344.0;6
337000;;;ASH_COATED_OSMIUM;XIRECS;9993.0;4
337300;;;ASH_COATED_OSMIUM;XIRECS;9994.0;7
337600;;;INTARIAN_PEPPER_ROOT;XIRECS;13330.0;7
340900;;;ASH_COATED_OSMIUM;XIRECS;10011.0;2
341400;;;ASH_COATED_OSMIUM;XIRECS;9996.0;2
342400;;;ASH_COATED_OSMIUM;XIRECS;9996.0;5
344000;;;INTARIAN_PEPPER_ROOT;XIRECS;13339.0;3
344400;;;ASH_COATED_OSMIUM;XIRECS;9995.0;4
346000;;;ASH_COATED_OSMIUM;XIRECS;9995.0;3
346400;;;ASH_COATED_OSMIUM;XIRECS;10001.0;4
349600;;;ASH_COATED_OSMIUM;XIRECS;10011.0;4
350600;;;ASH_COATED_OSMIUM;XIRECS;10010.0;5
351100;;;INTARIAN_PEPPER_ROOT;XIRECS;13358.0;4
352000;;;ASH_COATED_OSMIUM;XIRECS;10008.0;5
352100;;;INTARIAN_PEPPER_ROOT;XIRECS;13345.0;7
352300;;;INTARIAN_PEPPER_ROOT;XIRECS;13356.0;8
352700;;;INTARIAN_PEPPER_ROOT;XIRECS;13360.0;6
353000;;;ASH_COATED_OSMIUM;XIRECS;9992.0;5
354200;;;INTARIAN_PEPPER_ROOT;XIRECS;13361.0;6
356700;;;ASH_COATED_OSMIUM;XIRECS;10010.0;9
357700;;;ASH_COATED_OSMIUM;XIRECS;9994.0;3
358200;;;INTARIAN_PEPPER_ROOT;XIRECS;13351.0;3
358400;;;INTARIAN_PEPPER_ROOT;XIRECS;13362.0;5
358600;;;ASH_COATED_OSMIUM;XIRECS;10010.0;3
360000;;;INTARIAN_PEPPER_ROOT;XIRECS;13364.0;7
361400;;;ASH_COATED_OSMIUM;XIRECS;9995.0;6
361600;;;INTARIAN_PEPPER_ROOT;XIRECS;13357.0;5
363400;;;ASH_COATED_OSMIUM;XIRECS;10012.0;2
365400;;;INTARIAN_PEPPER_ROOT;XIRECS;13361.0;7
365500;;;ASH_COATED_OSMIUM;XIRECS;9998.0;3
367500;;;INTARIAN_PEPPER_ROOT;XIRECS;13360.0;5
371100;;;INTARIAN_PEPPER_ROOT;XIRECS;13378.0;4
371400;;;INTARIAN_PEPPER_ROOT;XIRECS;13364.0;3
372300;;;INTARIAN_PEPPER_ROOT;XIRECS;13368.0;6
374800;;;INTARIAN_PEPPER_ROOT;XIRECS;13382.0;3
375500;;;ASH_COATED_OSMIUM;XIRECS;9998.0;4
375600;;;ASH_COATED_OSMIUM;XIRECS;10013.0;3
376700;;;INTARIAN_PEPPER_ROOT;XIRECS;13372.0;7
377600;;;ASH_COATED_OSMIUM;XIRECS;9993.0;4
380900;;;ASH_COATED_OSMIUM;XIRECS;9996.0;8
381000;;;INTARIAN_PEPPER_ROOT;XIRECS;13388.0;3
381200;;;ASH_COATED_OSMIUM;XIRECS;10015.0;2
383000;;;ASH_COATED_OSMIUM;XIRECS;10014.0;6
384200;;;ASH_COATED_OSMIUM;XIRECS;9996.0;4
389800;;;ASH_COATED_OSMIUM;XIRECS;10013.0;10
389900;;;ASH_COATED_OSMIUM;XIRECS;9995.0;7
390400;;;ASH_COATED_OSMIUM;XIRECS;9997.0;9
391300;;;ASH_COATED_OSMIUM;XIRECS;9997.0;4
392500;;;ASH_COATED_OSMIUM;XIRECS;10013.0;5
401000;;;INTARIAN_PEPPER_ROOT;XIRECS;13396.0;8
401700;;;ASH_COATED_OSMIUM;XIRECS;10012.0;9
402600;;;ASH_COATED_OSMIUM;XIRECS;9995.0;5
405400;;;ASH_COATED_OSMIUM;XIRECS;9995.0;2
407400;;;ASH_COATED_OSMIUM;XIRECS;10010.0;8
412800;;;ASH_COATED_OSMIUM;XIRECS;9990.0;4
414200;;;ASH_COATED_OSMIUM;XIRECS;10008.0;6
415400;;;INTARIAN_PEPPER_ROOT;XIRECS;13423.0;6
416000;;;ASH_COATED_OSMIUM;XIRECS;9990.0;6
416300;;;ASH_COATED_OSMIUM;XIRECS;9990.0;2
417300;;;INTARIAN_PEPPER_ROOT;XIRECS;13425.0;5
419200;;;INTARIAN_PEPPER_ROOT;XIRECS;13409.0;6
419400;;;INTARIAN_PEPPER_ROOT;XIRECS;13427.0;4
420500;;;INTARIAN_PEPPER_ROOT;XIRECS;13410.0;7
423500;;;INTARIAN_PEPPER_ROOT;XIRECS;13416.0;6
424900;;;ASH_COATED_OSMIUM;XIRECS;9992.0;6
425100;;;INTARIAN_PEPPER_ROOT;XIRECS;13432.0;7
425200;;;ASH_COATED_OSMIUM;XIRECS;10011.0;6
425800;;;ASH_COATED_OSMIUM;XIRECS;9996.0;7
427800;;;INTARIAN_PEPPER_ROOT;XIRECS;13421.0;7
430300;;;ASH_COATED_OSMIUM;XIRECS;10012.0;4
432100;;;INTARIAN_PEPPER_ROOT;XIRECS;13428.0;8
433000;;;ASH_COATED_OSMIUM;XIRECS;9996.0;6
433700;;;ASH_COATED_OSMIUM;XIRECS;9997.0;6
435600;;;ASH_COATED_OSMIUM;XIRECS;9993.0;3
436100;;;INTARIAN_PEPPER_ROOT;XIRECS;13440.0;5
437800;;;INTARIAN_PEPPER_ROOT;XIRECS;13431.0;3
439100;;;ASH_COATED_OSMIUM;XIRECS;10010.0;5
439800;;;ASH_COATED_OSMIUM;XIRECS;10007.0;7
440500;;;ASH_COATED_OSMIUM;XIRECS;10008.0;3
440900;;;ASH_COATED_OSMIUM;XIRECS;9993.0;2
441000;;;INTARIAN_PEPPER_ROOT;XIRECS;13434.0;4
441300;;;INTARIAN_PEPPER_ROOT;XIRECS;13437.0;5
442300;;;ASH_COATED_OSMIUM;XIRECS;10009.0;6
442700;;;ASH_COATED_OSMIUM;XIRECS;10009.0;6
443200;;;ASH_COATED_OSMIUM;XIRECS;10009.0;4
444200;;;ASH_COATED_OSMIUM;XIRECS;10011.0;10
445000;;;ASH_COATED_OSMIUM;XIRECS;10010.0;8
448000;;;INTARIAN_PEPPER_ROOT;XIRECS;13455.0;5
449100;;;ASH_COATED_OSMIUM;XIRECS;9996.0;8
451000;;;ASH_COATED_OSMIUM;XIRECS;9992.0;5
452000;;;ASH_COATED_OSMIUM;XIRECS;9991.0;5
452300;;;ASH_COATED_OSMIUM;XIRECS;10007.0;7
453000;;;INTARIAN_PEPPER_ROOT;XIRECS;13457.0;3
453400;;;ASH_COATED_OSMIUM;XIRECS;9991.0;6
453700;;;ASH_COATED_OSMIUM;XIRECS;10000.0;3
453800;;;INTARIAN_PEPPER_ROOT;XIRECS;13449.0;7
456200;;;ASH_COATED_OSMIUM;XIRECS;10006.0;4
456300;;;INTARIAN_PEPPER_ROOT;XIRECS;13449.0;6
457200;;;INTARIAN_PEPPER_ROOT;XIRECS;13450.0;6
457500;;;INTARIAN_PEPPER_ROOT;XIRECS;13465.0;4
458600;;;ASH_COATED_OSMIUM;XIRECS;10006.0;6
458900;;;INTARIAN_PEPPER_ROOT;XIRECS;13466.0;7
459800;;;INTARIAN_PEPPER_ROOT;XIRECS;13453.0;6
462100;;;INTARIAN_PEPPER_ROOT;XIRECS;13469.0;5
464100;;;ASH_COATED_OSMIUM;XIRECS;10007.0;6
464500;;;INTARIAN_PEPPER_ROOT;XIRECS;13472.0;3
465700;;;ASH_COATED_OSMIUM;XIRECS;10011.0;6
466000;;;INTARIAN_PEPPER_ROOT;XIRECS;13461.0;3
467500;;;INTARIAN_PEPPER_ROOT;XIRECS;13460.0;3
467800;;;ASH_COATED_OSMIUM;XIRECS;10000.0;2
467800;;;ASH_COATED_OSMIUM;XIRECS;10007.0;5
468100;;;ASH_COATED_OSMIUM;XIRECS;9991.0;8
469200;;;INTARIAN_PEPPER_ROOT;XIRECS;13462.0;6
471900;;;ASH_COATED_OSMIUM;XIRECS;10008.0;6
472400;;;ASH_COATED_OSMIUM;XIRECS;9992.0;3
473000;;;INTARIAN_PEPPER_ROOT;XIRECS;13477.0;4
473800;;;INTARIAN_PEPPER_ROOT;XIRECS;13467.0;5
474000;;;INTARIAN_PEPPER_ROOT;XIRECS;13478.0;5
476600;;;ASH_COATED_OSMIUM;XIRECS;10006.0;5
477200;;;ASH_COATED_OSMIUM;XIRECS;9989.0;6
477800;;;INTARIAN_PEPPER_ROOT;XIRECS;13485.0;5
478700;;;ASH_COATED_OSMIUM;XIRECS;9987.0;3
478800;;;ASH_COATED_OSMIUM;XIRECS;9990.0;6
479800;;;ASH_COATED_OSMIUM;XIRECS;9987.0;2
480500;;;INTARIAN_PEPPER_ROOT;XIRECS;13476.0;3
482300;;;INTARIAN_PEPPER_ROOT;XIRECS;13475.0;5
482800;;;ASH_COATED_OSMIUM;XIRECS;9985.0;5
482900;;;ASH_COATED_OSMIUM;XIRECS;9987.0;5
486200;;;INTARIAN_PEPPER_ROOT;XIRECS;13490.0;8
486700;;;INTARIAN_PEPPER_ROOT;XIRECS;13482.0;8
487400;;;ASH_COATED_OSMIUM;XIRECS;10001.0;3
487700;;;ASH_COATED_OSMIUM;XIRECS;9983.0;4
487900;;;ASH_COATED_OSMIUM;XIRECS;9985.0;5
489600;;;INTARIAN_PEPPER_ROOT;XIRECS;13482.0;3
489700;;;ASH_COATED_OSMIUM;XIRECS;10002.0;7
490500;;;INTARIAN_PEPPER_ROOT;XIRECS;13483.0;5
494000;;;INTARIAN_PEPPER_ROOT;XIRECS;13483.0;4
494500;;;ASH_COATED_OSMIUM;XIRECS;10003.0;3
496000;;;INTARIAN_PEPPER_ROOT;XIRECS;13489.0;4
498900;;;ASH_COATED_OSMIUM;XIRECS;9987.0;8
500000;;;INTARIAN_PEPPER_ROOT;XIRECS;13504.0;3
500200;;;ASH_COATED_OSMIUM;XIRECS;9987.0;4
501300;;;INTARIAN_PEPPER_ROOT;XIRECS;13505.0;7
502300;;;ASH_COATED_OSMIUM;XIRECS;9989.0;4
502900;;;ASH_COATED_OSMIUM;XIRECS;10005.0;2
503300;;;ASH_COATED_OSMIUM;XIRECS;10005.0;3
503500;;;INTARIAN_PEPPER_ROOT;XIRECS;13496.0;6
508000;;;INTARIAN_PEPPER_ROOT;XIRECS;13501.0;3
509900;;;INTARIAN_PEPPER_ROOT;XIRECS;13499.0;7
511200;;;ASH_COATED_OSMIUM;XIRECS;9992.0;4
511700;;;ASH_COATED_OSMIUM;XIRECS;10008.0;6
512700;;;ASH_COATED_OSMIUM;XIRECS;10009.0;4
512800;;;ASH_COATED_OSMIUM;XIRECS;9993.0;7
513000;;;INTARIAN_PEPPER_ROOT;XIRECS;13520.0;5
514500;;;ASH_COATED_OSMIUM;XIRECS;9994.0;5
516300;;;ASH_COATED_OSMIUM;XIRECS;10012.0;5
517400;;;ASH_COATED_OSMIUM;XIRECS;10011.0;5
519400;;;INTARIAN_PEPPER_ROOT;XIRECS;13527.0;7
520900;;;INTARIAN_PEPPER_ROOT;XIRECS;13510.0;5
521800;;;INTARIAN_PEPPER_ROOT;XIRECS;13515.0;5
522000;;;ASH_COATED_OSMIUM;XIRECS;9996.0;4
522700;;;ASH_COATED_OSMIUM;XIRECS;10011.0;5
525900;;;ASH_COATED_OSMIUM;XIRECS;9993.0;4
531800;;;INTARIAN_PEPPER_ROOT;XIRECS;13525.0;4
532500;;;ASH_COATED_OSMIUM;XIRECS;9988.0;3
536300;;;ASH_COATED_OSMIUM;XIRECS;9985.0;6
536900;;;INTARIAN_PEPPER_ROOT;XIRECS;13544.0;3
537400;;;ASH_COATED_OSMIUM;XIRECS;10002.0;3
540100;;;INTARIAN_PEPPER_ROOT;XIRECS;13533.0;6
540300;;;ASH_COATED_OSMIUM;XIRECS;10003.0;2
545300;;;INTARIAN_PEPPER_ROOT;XIRECS;13553.0;7
547300;;;ASH_COATED_OSMIUM;XIRECS;9990.0;9
552900;;;ASH_COATED_OSMIUM;XIRECS;9988.0;10
554400;;;ASH_COATED_OSMIUM;XIRECS;9988.0;10
556200;;;INTARIAN_PEPPER_ROOT;XIRECS;13549.0;3
556700;;;INTARIAN_PEPPER_ROOT;XIRECS;13552.0;8
556900;;;ASH_COATED_OSMIUM;XIRECS;9986.0;2
557000;;;INTARIAN_PEPPER_ROOT;XIRECS;13564.0;3
557700;;;ASH_COATED_OSMIUM;XIRECS;9989.0;8
560300;;;ASH_COATED_OSMIUM;XIRECS;10006.0;6
561300;;;INTARIAN_PEPPER_ROOT;XIRECS;13557.0;3
563900;;;ASH_COATED_OSMIUM;XIRECS;10007.0;3
564900;;;INTARIAN_PEPPER_ROOT;XIRECS;13560.0;6
566100;;;INTARIAN_PEPPER_ROOT;XIRECS;13562.0;3
566600;;;ASH_COATED_OSMIUM;XIRECS;10007.0;7
566900;;;INTARIAN_PEPPER_ROOT;XIRECS;13560.0;3
567300;;;ASH_COATED_OSMIUM;XIRECS;9989.0;10
570200;;;INTARIAN_PEPPER_ROOT;XIRECS;13577.0;5
573200;;;ASH_COATED_OSMIUM;XIRECS;10007.0;3
574100;;;ASH_COATED_OSMIUM;XIRECS;10008.0;5
574200;;;ASH_COATED_OSMIUM;XIRECS;9992.0;2
574500;;;ASH_COATED_OSMIUM;XIRECS;9993.0;3
576600;;;INTARIAN_PEPPER_ROOT;XIRECS;13584.0;5
579800;;;INTARIAN_PEPPER_ROOT;XIRECS;13587.0;7
580300;;;INTARIAN_PEPPER_ROOT;XIRECS;13573.0;7
581500;;;ASH_COATED_OSMIUM;XIRECS;10012.0;2
582300;;;INTARIAN_PEPPER_ROOT;XIRECS;13572.0;5
583900;;;ASH_COATED_OSMIUM;XIRECS;10007.0;7
584000;;;ASH_COATED_OSMIUM;XIRECS;10010.0;8
584400;;;INTARIAN_PEPPER_ROOT;XIRECS;13595.0;4
585300;;;INTARIAN_PEPPER_ROOT;XIRECS;13578.0;5
590300;;;ASH_COATED_OSMIUM;XIRECS;10002.0;3
590400;;;INTARIAN_PEPPER_ROOT;XIRECS;13601.0;3
592000;;;INTARIAN_PEPPER_ROOT;XIRECS;13596.0;6
593800;;;INTARIAN_PEPPER_ROOT;XIRECS;13601.0;3
595000;;;ASH_COATED_OSMIUM;XIRECS;10008.0;2
600500;;;INTARIAN_PEPPER_ROOT;XIRECS;13593.0;6
600600;;;ASH_COATED_OSMIUM;XIRECS;9993.0;6
603100;;;ASH_COATED_OSMIUM;XIRECS;9992.0;3
605900;;;INTARIAN_PEPPER_ROOT;XIRECS;13599.0;3
607400;;;ASH_COATED_OSMIUM;XIRECS;9992.0;3
607800;;;ASH_COATED_OSMIUM;XIRECS;10010.0;5
610500;;;INTARIAN_PEPPER_ROOT;XIRECS;13603.0;5
611600;;;ASH_COATED_OSMIUM;XIRECS;9993.0;6
611900;;;ASH_COATED_OSMIUM;XIRECS;9989.0;5
612000;;;ASH_COATED_OSMIUM;XIRECS;10002.0;2
612300;;;INTARIAN_PEPPER_ROOT;XIRECS;13608.0;8
615600;;;ASH_COATED_OSMIUM;XIRECS;10009.0;5
620700;;;ASH_COATED_OSMIUM;XIRECS;10009.0;8
622900;;;ASH_COATED_OSMIUM;XIRECS;10013.0;4
623400;;;INTARIAN_PEPPER_ROOT;XIRECS;13631.0;6
624500;;;ASH_COATED_OSMIUM;XIRECS;9994.0;6
628900;;;ASH_COATED_OSMIUM;XIRECS;10006.0;6
629200;;;INTARIAN_PEPPER_ROOT;XIRECS;13622.0;4
631100;;;INTARIAN_PEPPER_ROOT;XIRECS;13624.0;6
632300;;;ASH_COATED_OSMIUM;XIRECS;10005.0;5
634200;;;ASH_COATED_OSMIUM;XIRECS;9986.0;2
634500;;;INTARIAN_PEPPER_ROOT;XIRECS;13642.0;6
636500;;;INTARIAN_PEPPER_ROOT;XIRECS;13629.0;5
637100;;;INTARIAN_PEPPER_ROOT;XIRECS;13644.0;6
639100;;;ASH_COATED_OSMIUM;XIRECS;10002.0;8
639300;;;INTARIAN_PEPPER_ROOT;XIRECS;13632.0;3
640000;;;INTARIAN_PEPPER_ROOT;XIRECS;13633.0;4
640200;;;INTARIAN_PEPPER_ROOT;XIRECS;13648.0;6
640600;;;ASH_COATED_OSMIUM;XIRECS;9991.0;3
641500;;;INTARIAN_PEPPER_ROOT;XIRECS;13645.0;5
642300;;;INTARIAN_PEPPER_ROOT;XIRECS;13650.0;4
643100;;;ASH_COATED_OSMIUM;XIRECS;10003.0;6
643100;;;INTARIAN_PEPPER_ROOT;XIRECS;13632.0;5
644500;;;ASH_COATED_OSMIUM;XIRECS;9999.0;6
645700;;;ASH_COATED_OSMIUM;XIRECS;9999.0;8
645800;;;ASH_COATED_OSMIUM;XIRECS;9980.0;2
646000;;;INTARIAN_PEPPER_ROOT;XIRECS;13657.0;4
647700;;;ASH_COATED_OSMIUM;XIRECS;10001.0;5
650800;;;ASH_COATED_OSMIUM;XIRECS;9994.0;4
653900;;;ASH_COATED_OSMIUM;XIRECS;9990.0;6
654800;;;ASH_COATED_OSMIUM;XIRECS;9991.0;6
656300;;;ASH_COATED_OSMIUM;XIRECS;9991.0;3
656600;;;INTARIAN_PEPPER_ROOT;XIRECS;13667.0;6
656900;;;ASH_COATED_OSMIUM;XIRECS;9990.0;10
658400;;;ASH_COATED_OSMIUM;XIRECS;10001.0;3
658400;;;ASH_COATED_OSMIUM;XIRECS;10007.0;9
660600;;;ASH_COATED_OSMIUM;XIRECS;10009.0;4
660600;;;INTARIAN_PEPPER_ROOT;XIRECS;13653.0;3
662600;;;INTARIAN_PEPPER_ROOT;XIRECS;13666.0;6
666800;;;ASH_COATED_OSMIUM;XIRECS;9991.0;4
667200;;;ASH_COATED_OSMIUM;XIRECS;9991.0;5
668400;;;ASH_COATED_OSMIUM;XIRECS;10005.0;2
668400;;;INTARIAN_PEPPER_ROOT;XIRECS;13676.0;4
670000;;;INTARIAN_PEPPER_ROOT;XIRECS;13677.0;7
672400;;;INTARIAN_PEPPER_ROOT;XIRECS;13665.0;3
673600;;;ASH_COATED_OSMIUM;XIRECS;9983.0;10
673600;;;INTARIAN_PEPPER_ROOT;XIRECS;13677.0;6
677200;;;ASH_COATED_OSMIUM;XIRECS;9981.0;4
677500;;;ASH_COATED_OSMIUM;XIRECS;9983.0;2
677700;;;INTARIAN_PEPPER_ROOT;XIRECS;13670.0;4
678000;;;INTARIAN_PEPPER_ROOT;XIRECS;13671.0;3
679600;;;ASH_COATED_OSMIUM;XIRECS;10001.0;5
681200;;;ASH_COATED_OSMIUM;XIRECS;10000.0;9
681900;;;ASH_COATED_OSMIUM;XIRECS;9991.0;3
681900;;;INTARIAN_PEPPER_ROOT;XIRECS;13689.0;7
683100;;;INTARIAN_PEPPER_ROOT;XIRECS;13690.0;4
683300;;;ASH_COATED_OSMIUM;XIRECS;10005.0;4
685400;;;ASH_COATED_OSMIUM;XIRECS;10006.0;7
687500;;;INTARIAN_PEPPER_ROOT;XIRECS;13680.0;4
687700;;;INTARIAN_PEPPER_ROOT;XIRECS;13683.0;7
688200;;;INTARIAN_PEPPER_ROOT;XIRECS;13699.0;3
689500;;;ASH_COATED_OSMIUM;XIRECS;10004.0;6
690100;;;INTARIAN_PEPPER_ROOT;XIRECS;13697.0;6
690400;;;INTARIAN_PEPPER_ROOT;XIRECS;13683.0;3
690500;;;INTARIAN_PEPPER_ROOT;XIRECS;13698.0;3
690600;;;INTARIAN_PEPPER_ROOT;XIRECS;13694.0;5
690700;;;ASH_COATED_OSMIUM;XIRECS;9986.0;5
691200;;;ASH_COATED_OSMIUM;XIRECS;9988.0;4
691800;;;INTARIAN_PEPPER_ROOT;XIRECS;13684.0;7
692200;;;INTARIAN_PEPPER_ROOT;XIRECS;13681.0;4
699900;;;ASH_COATED_OSMIUM;XIRECS;10010.0;6
700100;;;ASH_COATED_OSMIUM;XIRECS;10010.0;6
700700;;;ASH_COATED_OSMIUM;XIRECS;10013.0;6
700800;;;ASH_COATED_OSMIUM;XIRECS;9995.0;3
701000;;;INTARIAN_PEPPER_ROOT;XIRECS;13696.0;4
702100;;;INTARIAN_PEPPER_ROOT;XIRECS;13709.0;7
703000;;;INTARIAN_PEPPER_ROOT;XIRECS;13696.0;5
703500;;;ASH_COATED_OSMIUM;XIRECS;9997.0;4
704300;;;ASH_COATED_OSMIUM;XIRECS;9997.0;2
705400;;;ASH_COATED_OSMIUM;XIRECS;9996.0;7
708200;;;ASH_COATED_OSMIUM;XIRECS;9996.0;5
708800;;;INTARIAN_PEPPER_ROOT;XIRECS;13716.0;4
709100;;;ASH_COATED_OSMIUM;XIRECS;9998.0;6
710200;;;ASH_COATED_OSMIUM;XIRECS;10013.0;8
712500;;;ASH_COATED_OSMIUM;XIRECS;10013.0;5
714900;;;ASH_COATED_OSMIUM;XIRECS;10003.0;5
717400;;;INTARIAN_PEPPER_ROOT;XIRECS;13725.0;4
720800;;;ASH_COATED_OSMIUM;XIRECS;10014.0;4
722300;;;INTARIAN_PEPPER_ROOT;XIRECS;13726.0;4
723500;;;ASH_COATED_OSMIUM;XIRECS;9995.0;6
724700;;;INTARIAN_PEPPER_ROOT;XIRECS;13732.0;4
725700;;;ASH_COATED_OSMIUM;XIRECS;9993.0;8
726200;;;ASH_COATED_OSMIUM;XIRECS;9994.0;5
727400;;;INTARIAN_PEPPER_ROOT;XIRECS;13735.0;6
727600;;;INTARIAN_PEPPER_ROOT;XIRECS;13735.0;3
728600;;;INTARIAN_PEPPER_ROOT;XIRECS;13721.0;5
729100;;;ASH_COATED_OSMIUM;XIRECS;10012.0;8
729700;;;ASH_COATED_OSMIUM;XIRECS;9996.0;5
730400;;;ASH_COATED_OSMIUM;XIRECS;10013.0;6
730900;;;ASH_COATED_OSMIUM;XIRECS;9993.0;5
731200;;;ASH_COATED_OSMIUM;XIRECS;10012.0;9
733700;;;INTARIAN_PEPPER_ROOT;XIRECS;13741.0;3
734900;;;ASH_COATED_OSMIUM;XIRECS;9996.0;5
735200;;;ASH_COATED_OSMIUM;XIRECS;10015.0;5
736900;;;ASH_COATED_OSMIUM;XIRECS;10013.0;5
737500;;;INTARIAN_PEPPER_ROOT;XIRECS;13741.0;3
739500;;;ASH_COATED_OSMIUM;XIRECS;9997.0;10
739600;;;ASH_COATED_OSMIUM;XIRECS;10013.0;6
742000;;;ASH_COATED_OSMIUM;XIRECS;10017.0;5
742000;;;INTARIAN_PEPPER_ROOT;XIRECS;13737.0;8
743900;;;ASH_COATED_OSMIUM;XIRECS;9998.0;4
745600;;;ASH_COATED_OSMIUM;XIRECS;9998.0;6
746100;;;ASH_COATED_OSMIUM;XIRECS;9998.0;4
746100;;;ASH_COATED_OSMIUM;XIRECS;10016.0;8
750600;;;ASH_COATED_OSMIUM;XIRECS;9999.0;5
752300;;;ASH_COATED_OSMIUM;XIRECS;10009.0;4
753100;;;INTARIAN_PEPPER_ROOT;XIRECS;13764.0;7
754100;;;ASH_COATED_OSMIUM;XIRECS;10009.0;4
754400;;;ASH_COATED_OSMIUM;XIRECS;10009.0;5
755700;;;INTARIAN_PEPPER_ROOT;XIRECS;13748.0;7
755900;;;ASH_COATED_OSMIUM;XIRECS;10007.0;4
755900;;;INTARIAN_PEPPER_ROOT;XIRECS;13763.0;3
756600;;;ASH_COATED_OSMIUM;XIRECS;9992.0;6
756600;;;ASH_COATED_OSMIUM;XIRECS;9992.0;5
756900;;;ASH_COATED_OSMIUM;XIRECS;9991.0;5
757200;;;ASH_COATED_OSMIUM;XIRECS;9991.0;9
758700;;;ASH_COATED_OSMIUM;XIRECS;9991.0;6
763200;;;INTARIAN_PEPPER_ROOT;XIRECS;13774.0;4
763800;;;INTARIAN_PEPPER_ROOT;XIRECS;13771.0;6
763900;;;ASH_COATED_OSMIUM;XIRECS;9988.0;8
764100;;;ASH_COATED_OSMIUM;XIRECS;9988.0;6
764500;;;INTARIAN_PEPPER_ROOT;XIRECS;13757.0;5
766000;;;INTARIAN_PEPPER_ROOT;XIRECS;13770.0;4
770300;;;INTARIAN_PEPPER_ROOT;XIRECS;13763.0;4
771800;;;INTARIAN_PEPPER_ROOT;XIRECS;13775.0;6
775000;;;ASH_COATED_OSMIUM;XIRECS;9989.0;4
775500;;;INTARIAN_PEPPER_ROOT;XIRECS;13779.0;7
777200;;;ASH_COATED_OSMIUM;XIRECS;9999.0;10
777200;;;INTARIAN_PEPPER_ROOT;XIRECS;13770.0;5
780300;;;ASH_COATED_OSMIUM;XIRECS;10000.0;2
781100;;;INTARIAN_PEPPER_ROOT;XIRECS;13785.0;7
782500;;;ASH_COATED_OSMIUM;XIRECS;9999.0;7
783500;;;INTARIAN_PEPPER_ROOT;XIRECS;13776.0;4
785300;;;INTARIAN_PEPPER_ROOT;XIRECS;13774.0;3
787000;;;INTARIAN_PEPPER_ROOT;XIRECS;13791.0;6
787500;;;INTARIAN_PEPPER_ROOT;XIRECS;13780.0;4
788000;;;ASH_COATED_OSMIUM;XIRECS;10002.0;5
789900;;;ASH_COATED_OSMIUM;XIRECS;9984.0;2
791700;;;INTARIAN_PEPPER_ROOT;XIRECS;13787.0;6
792100;;;ASH_COATED_OSMIUM;XIRECS;9985.0;5
793700;;;ASH_COATED_OSMIUM;XIRECS;10000.0;10
793900;;;INTARIAN_PEPPER_ROOT;XIRECS;13801.0;4
796100;;;INTARIAN_PEPPER_ROOT;XIRECS;13800.0;5
796500;;;INTARIAN_PEPPER_ROOT;XIRECS;13789.0;5
796600;;;INTARIAN_PEPPER_ROOT;XIRECS;13800.0;7
796700;;;ASH_COATED_OSMIUM;XIRECS;9983.0;4
798600;;;INTARIAN_PEPPER_ROOT;XIRECS;13806.0;5
802000;;;ASH_COATED_OSMIUM;XIRECS;9995.0;5
802400;;;ASH_COATED_OSMIUM;XIRECS;9992.0;3
803100;;;ASH_COATED_OSMIUM;XIRECS;10002.0;5
805400;;;ASH_COATED_OSMIUM;XIRECS;9995.0;4
806200;;;ASH_COATED_OSMIUM;XIRECS;9986.0;2
806300;;;INTARIAN_PEPPER_ROOT;XIRECS;13795.0;7
806400;;;INTARIAN_PEPPER_ROOT;XIRECS;13817.0;3
809500;;;ASH_COATED_OSMIUM;XIRECS;9994.0;4
810900;;;ASH_COATED_OSMIUM;XIRECS;10009.0;2
811900;;;INTARIAN_PEPPER_ROOT;XIRECS;13804.0;6
813200;;;INTARIAN_PEPPER_ROOT;XIRECS;13806.0;3
815800;;;ASH_COATED_OSMIUM;XIRECS;10009.0;4
815900;;;INTARIAN_PEPPER_ROOT;XIRECS;13820.0;3
821100;;;ASH_COATED_OSMIUM;XIRECS;10004.0;8
823600;;;ASH_COATED_OSMIUM;XIRECS;10004.0;6
825200;;;INTARIAN_PEPPER_ROOT;XIRECS;13829.0;4
825700;;;INTARIAN_PEPPER_ROOT;XIRECS;13829.0;6
829800;;;INTARIAN_PEPPER_ROOT;XIRECS;13833.0;7
833100;;;ASH_COATED_OSMIUM;XIRECS;9993.0;5
833300;;;INTARIAN_PEPPER_ROOT;XIRECS;13822.0;7
833400;;;INTARIAN_PEPPER_ROOT;XIRECS;13826.0;3
835700;;;ASH_COATED_OSMIUM;XIRECS;10011.0;8
836800;;;ASH_COATED_OSMIUM;XIRECS;9992.0;7
837300;;;INTARIAN_PEPPER_ROOT;XIRECS;13845.0;3
839500;;;INTARIAN_PEPPER_ROOT;XIRECS;13847.0;6
839900;;;ASH_COATED_OSMIUM;XIRECS;10010.0;4
840900;;;INTARIAN_PEPPER_ROOT;XIRECS;13836.0;8
841500;;;ASH_COATED_OSMIUM;XIRECS;9993.0;6
842900;;;INTARIAN_PEPPER_ROOT;XIRECS;13835.0;3
843200;;;ASH_COATED_OSMIUM;XIRECS;10007.0;5
843500;;;ASH_COATED_OSMIUM;XIRECS;9991.0;5
844300;;;INTARIAN_PEPPER_ROOT;XIRECS;13848.0;7
844800;;;INTARIAN_PEPPER_ROOT;XIRECS;13840.0;5
845400;;;INTARIAN_PEPPER_ROOT;XIRECS;13841.0;7
845500;;;ASH_COATED_OSMIUM;XIRECS;10007.0;3
845800;;;ASH_COATED_OSMIUM;XIRECS;10007.0;3
846200;;;INTARIAN_PEPPER_ROOT;XIRECS;13839.0;4
846700;;;INTARIAN_PEPPER_ROOT;XIRECS;13854.0;6
847100;;;ASH_COATED_OSMIUM;XIRECS;10006.0;2
847200;;;INTARIAN_PEPPER_ROOT;XIRECS;13855.0;5
847500;;;ASH_COATED_OSMIUM;XIRECS;10007.0;8
847700;;;ASH_COATED_OSMIUM;XIRECS;10007.0;5
847800;;;ASH_COATED_OSMIUM;XIRECS;9990.0;7
848300;;;ASH_COATED_OSMIUM;XIRECS;9990.0;5
852000;;;ASH_COATED_OSMIUM;XIRECS;10008.0;6
852500;;;ASH_COATED_OSMIUM;XIRECS;9994.0;3
852700;;;ASH_COATED_OSMIUM;XIRECS;9994.0;3
854300;;;INTARIAN_PEPPER_ROOT;XIRECS;13862.0;3
857700;;;INTARIAN_PEPPER_ROOT;XIRECS;13850.0;4
858500;;;INTARIAN_PEPPER_ROOT;XIRECS;13851.0;6
859900;;;ASH_COATED_OSMIUM;XIRECS;9990.0;4
861900;;;INTARIAN_PEPPER_ROOT;XIRECS;13854.0;7
862000;;;ASH_COATED_OSMIUM;XIRECS;10004.0;2
864800;;;ASH_COATED_OSMIUM;XIRECS;10006.0;8
865000;;;ASH_COATED_OSMIUM;XIRECS;9990.0;6
868000;;;ASH_COATED_OSMIUM;XIRECS;9988.0;3
870000;;;INTARIAN_PEPPER_ROOT;XIRECS;13877.0;7
871100;;;ASH_COATED_OSMIUM;XIRECS;10005.0;5
871700;;;ASH_COATED_OSMIUM;XIRECS;9989.0;2
871900;;;ASH_COATED_OSMIUM;XIRECS;10005.0;2
874400;;;ASH_COATED_OSMIUM;XIRECS;9990.0;5
875400;;;ASH_COATED_OSMIUM;XIRECS;9990.0;5
875800;;;INTARIAN_PEPPER_ROOT;XIRECS;13868.0;3
877900;;;ASH_COATED_OSMIUM;XIRECS;9989.0;7
878000;;;INTARIAN_PEPPER_ROOT;XIRECS;13873.0;4
878400;;;ASH_COATED_OSMIUM;XIRECS;10004.0;5
881000;;;ASH_COATED_OSMIUM;XIRECS;9983.0;4
881200;;;INTARIAN_PEPPER_ROOT;XIRECS;13885.0;4
883700;;;INTARIAN_PEPPER_ROOT;XIRECS;13876.0;5
886000;;;INTARIAN_PEPPER_ROOT;XIRECS;13890.0;3
887000;;;INTARIAN_PEPPER_ROOT;XIRECS;13891.0;4
887700;;;ASH_COATED_OSMIUM;XIRECS;10004.0;6
887900;;;INTARIAN_PEPPER_ROOT;XIRECS;13880.0;4
889300;;;INTARIAN_PEPPER_ROOT;XIRECS;13897.0;4
891200;;;INTARIAN_PEPPER_ROOT;XIRECS;13899.0;7
892900;;;ASH_COATED_OSMIUM;XIRECS;10006.0;8
893400;;;ASH_COATED_OSMIUM;XIRECS;9990.0;4
898100;;;INTARIAN_PEPPER_ROOT;XIRECS;13893.0;8
899200;;;ASH_COATED_OSMIUM;XIRECS;10009.0;5
899500;;;INTARIAN_PEPPER_ROOT;XIRECS;13907.0;6
901500;;;ASH_COATED_OSMIUM;XIRECS;10009.0;8
902100;;;ASH_COATED_OSMIUM;XIRECS;9992.0;3
904900;;;ASH_COATED_OSMIUM;XIRECS;10007.0;3
905000;;;ASH_COATED_OSMIUM;XIRECS;9988.0;10
905300;;;ASH_COATED_OSMIUM;XIRECS;9991.0;4
907600;;;INTARIAN_PEPPER_ROOT;XIRECS;13915.0;6
907700;;;INTARIAN_PEPPER_ROOT;XIRECS;13919.0;7
909600;;;ASH_COATED_OSMIUM;XIRECS;9991.0;4
909900;;;ASH_COATED_OSMIUM;XIRECS;10008.0;8
911000;;;INTARIAN_PEPPER_ROOT;XIRECS;13904.0;5
911400;;;ASH_COATED_OSMIUM;XIRECS;10008.0;2
912600;;;ASH_COATED_OSMIUM;XIRECS;10011.0;3
912600;;;INTARIAN_PEPPER_ROOT;XIRECS;13920.0;7
914900;;;INTARIAN_PEPPER_ROOT;XIRECS;13926.0;5
917900;;;ASH_COATED_OSMIUM;XIRECS;10010.0;5
918600;;;INTARIAN_PEPPER_ROOT;XIRECS;13926.0;7
919200;;;ASH_COATED_OSMIUM;XIRECS;9995.0;3
920500;;;INTARIAN_PEPPER_ROOT;XIRECS;13928.0;4
920900;;;ASH_COATED_OSMIUM;XIRECS;10011.0;3
921100;;;INTARIAN_PEPPER_ROOT;XIRECS;13929.0;5
921200;;;ASH_COATED_OSMIUM;XIRECS;10010.0;10
922700;;;INTARIAN_PEPPER_ROOT;XIRECS;13930.0;3
922800;;;INTARIAN_PEPPER_ROOT;XIRECS;13915.0;7
923700;;;ASH_COATED_OSMIUM;XIRECS;9995.0;3
923800;;;ASH_COATED_OSMIUM;XIRECS;10005.0;4
927200;;;INTARIAN_PEPPER_ROOT;XIRECS;13931.0;3
928500;;;ASH_COATED_OSMIUM;XIRECS;9996.0;3
929100;;;ASH_COATED_OSMIUM;XIRECS;9995.0;4
929700;;;ASH_COATED_OSMIUM;XIRECS;10012.0;2
929900;;;INTARIAN_PEPPER_ROOT;XIRECS;13934.0;7
931000;;;ASH_COATED_OSMIUM;XIRECS;10001.0;5
932600;;;ASH_COATED_OSMIUM;XIRECS;10014.0;10
933700;;;INTARIAN_PEPPER_ROOT;XIRECS;13941.0;6
934300;;;ASH_COATED_OSMIUM;XIRECS;10012.0;3
935900;;;ASH_COATED_OSMIUM;XIRECS;9995.0;8
936600;;;INTARIAN_PEPPER_ROOT;XIRECS;13932.0;8
938100;;;INTARIAN_PEPPER_ROOT;XIRECS;13927.0;6
939100;;;ASH_COATED_OSMIUM;XIRECS;10011.0;2
939500;;;ASH_COATED_OSMIUM;XIRECS;10011.0;9
939600;;;ASH_COATED_OSMIUM;XIRECS;10011.0;6
942700;;;INTARIAN_PEPPER_ROOT;XIRECS;13938.0;3
946100;;;ASH_COATED_OSMIUM;XIRECS;9995.0;10
947900;;;INTARIAN_PEPPER_ROOT;XIRECS;13943.0;5
948000;;;INTARIAN_PEPPER_ROOT;XIRECS;13941.0;6
948200;;;INTARIAN_PEPPER_ROOT;XIRECS;13956.0;6
948400;;;ASH_COATED_OSMIUM;XIRECS;10013.0;7
949600;;;ASH_COATED_OSMIUM;XIRECS;10011.0;2
949900;;;INTARIAN_PEPPER_ROOT;XIRECS;13957.0;4
956600;;;ASH_COATED_OSMIUM;XIRECS;9990.0;3
958100;;;INTARIAN_PEPPER_ROOT;XIRECS;13969.0;6
959100;;;INTARIAN_PEPPER_ROOT;XIRECS;13963.0;3
960400;;;ASH_COATED_OSMIUM;XIRECS;9989.0;4
964400;;;ASH_COATED_OSMIUM;XIRECS;10005.0;3
965000;;;INTARIAN_PEPPER_ROOT;XIRECS;13958.0;7
965600;;;INTARIAN_PEPPER_ROOT;XIRECS;13958.0;5
966200;;;INTARIAN_PEPPER_ROOT;XIRECS;13959.0;5
971300;;;ASH_COATED_OSMIUM;XIRECS;10000.0;5
973900;;;INTARIAN_PEPPER_ROOT;XIRECS;13981.0;5
974600;;;INTARIAN_PEPPER_ROOT;XIRECS;13964.0;7
975000;;;ASH_COATED_OSMIUM;XIRECS;10003.0;4
975500;;;ASH_COATED_OSMIUM;XIRECS;9985.0;2
975900;;;ASH_COATED_OSMIUM;XIRECS;10001.0;3
976500;;;ASH_COATED_OSMIUM;XIRECS;9985.0;6
976500;;;INTARIAN_PEPPER_ROOT;XIRECS;13987.0;5
976900;;;INTARIAN_PEPPER_ROOT;XIRECS;13984.0;3
977200;;;INTARIAN_PEPPER_ROOT;XIRECS;13973.0;5
978400;;;INTARIAN_PEPPER_ROOT;XIRECS;13986.0;6
978600;;;ASH_COATED_OSMIUM;XIRECS;9986.0;3
981200;;;ASH_COATED_OSMIUM;XIRECS;10001.0;5
981200;;;INTARIAN_PEPPER_ROOT;XIRECS;13977.0;3
983000;;;INTARIAN_PEPPER_ROOT;XIRECS;13976.0;6
984500;;;ASH_COATED_OSMIUM;XIRECS;9990.0;4
985700;;;ASH_COATED_OSMIUM;XIRECS;9995.0;3
986600;;;ASH_COATED_OSMIUM;XIRECS;10002.0;3
986800;;;ASH_COATED_OSMIUM;XIRECS;9987.0;6
987500;;;ASH_COATED_OSMIUM;XIRECS;10002.0;6
987600;;;INTARIAN_PEPPER_ROOT;XIRECS;13977.0;3
989300;;;ASH_COATED_OSMIUM;XIRECS;9985.0;2
989900;;;INTARIAN_PEPPER_ROOT;XIRECS;13982.0;4
991100;;;INTARIAN_PEPPER_ROOT;XIRECS;13984.0;6
991400;;;ASH_COATED_OSMIUM;XIRECS;9983.0;9
993300;;;ASH_COATED_OSMIUM;XIRECS;9984.0;5
994400;;;INTARIAN_PEPPER_ROOT;XIRECS;13987.0;3
995100;;;INTARIAN_PEPPER_ROOT;XIRECS;13999.0;7
995600;;;ASH_COATED_OSMIUM;XIRECS;10001.0;6
997200;;;ASH_COATED_OSMIUM;XIRECS;9985.0;4
