timestamp;buyer;seller;symbol;currency;price;quantity
2500;;;VELVETFRUIT_EXTRACT;XIRECS;5250.0;4
2900;;;VEV_5400;XIRECS;22.0;3
2900;;;VEV_5500;XIRECS;8.0;3
2900;;;VEV_6000;XIRECS;0.0;3
2900;;;VEV_6500;XIRECS;0.0;3
5200;;;VELVETFRUIT_EXTRACT;XIRECS;5236.0;3
5500;;;VELVETFRUIT_EXTRACT;XIRECS;5241.0;8
8000;;;HYDROGEL_PACK;XIRECS;10018.0;6
9000;;;VEV_4000;XIRECS;1222.0;2
9300;;;VELVETFRUIT_EXTRACT;XIRECS;5229.0;6
10100;;;HYDROGEL_PACK;XIRECS;10014.0;5
11100;;;VEV_4000;XIRECS;1246.0;1
11900;;;VELVETFRUIT_EXTRACT;XIRECS;5237.0;4
14000;;;VELVETFRUIT_EXTRACT;XIRECS;5243.0;7
15200;;;VEV_5400;XIRECS;21.0;5
15200;;;VEV_5500;XIRECS;7.0;5
15200;;;VEV_6000;XIRECS;0.0;5
15200;;;VEV_6500;XIRECS;0.0;5
15300;;;HYDROGEL_PACK;XIRECS;10026.0;3
15400;;;VEV_4000;XIRECS;1232.0;3
15700;;;HYDROGEL_PACK;XIRECS;10009.0;2
16400;;;HYDROGEL_PACK;XIRECS;10009.0;4
17000;;;VELVETFRUIT_EXTRACT;XIRECS;5239.0;6
18600;;;VEV_4000;XIRECS;1247.0;3
19900;;;VELVETFRUIT_EXTRACT;XIRECS;5236.0;7
20300;;;HYDROGEL_PACK;XIRECS;10002.0;5
20500;;;HYDROGEL_PACK;XIRECS;10000.0;3
20700;;;VELVETFRUIT_EXTRACT;XIRECS;5238.0;5
22500;;;VELVETFRUIT_EXTRACT;XIRECS;5234.0;4
23200;;;VELVETFRUIT_EXTRACT;XIRECS;5234.0;4
23300;;;HYDROGEL_PACK;XIRECS;9997.0;2
24400;;;VEV_4000;XIRECS;1225.0;1
26100;;;VELVETFRUIT_EXTRACT;XIRECS;5227.0;5
27300;;;VELVETFRUIT_EXTRACT;XIRECS;5230.0;3
28400;;;VELVETFRUIT_EXTRACT;XIRECS;5230.0;8
28500;;;HYDROGEL_PACK;XIRECS;9994.0;5
29100;;;HYDROGEL_PACK;XIRECS;9973.0;6
29800;;;VELVETFRUIT_EXTRACT;XIRECS;5232.0;4
31700;;;VEV_5400;XIRECS;18.0;5
31700;;;VEV_5500;XIRECS;6.0;5
31700;;;VEV_6000;XIRECS;0.0;5
31700;;;VEV_6500;XIRECS;0.0;5
33300;;;VELVETFRUIT_EXTRACT;XIRECS;5233.0;6
36500;;;VELVETFRUIT_EXTRACT;XIRECS;5229.0;7
36800;;;VELVETFRUIT_EXTRACT;XIRECS;5228.0;7
37300;;;VELVETFRUIT_EXTRACT;XIRECS;5231.0;5
38200;;;VELVETFRUIT_EXTRACT;XIRECS;5232.0;5
38400;;;VELVETFRUIT_EXTRACT;XIRECS;5235.0;3
38700;;;VELVETFRUIT_EXTRACT;XIRECS;5236.0;6
39900;;;VELVETFRUIT_EXTRACT;XIRECS;5230.0;8
40500;;;VELVETFRUIT_EXTRACT;XIRECS;5232.0;7
41500;;;VEV_4000;XIRECS;1242.0;1
45100;;;VEV_5400;XIRECS;19.0;2
45100;;;VEV_5500;XIRECS;7.0;2
45100;;;VEV_6000;XIRECS;0.0;2
45100;;;VEV_6500;XIRECS;0.0;2
45800;;;HYDROGEL_PACK;XIRECS;9978.0;2
47900;;;VELVETFRUIT_EXTRACT;XIRECS;5234.0;4
54300;;;VELVETFRUIT_EXTRACT;XIRECS;5239.0;4
54600;;;HYDROGEL_PACK;XIRECS;9987.0;3
54900;;;VELVETFRUIT_EXTRACT;XIRECS;5240.0;4
55000;;;HYDROGEL_PACK;XIRECS;9987.0;6
56700;;;HYDROGEL_PACK;XIRECS;9991.0;6
57500;;;VELVETFRUIT_EXTRACT;XIRECS;5246.0;4
57900;;;VEV_4000;XIRECS;1232.0;1
60000;;;HYDROGEL_PACK;XIRECS;9988.0;4
61900;;;VELVETFRUIT_EXTRACT;XIRECS;5242.0;5
62400;;;VEV_4000;XIRECS;1229.0;2
63900;;;HYDROGEL_PACK;XIRECS;9986.0;5
65600;;;VELVETFRUIT_EXTRACT;XIRECS;5238.0;8
67600;;;HYDROGEL_PACK;XIRECS;9993.0;5
68400;;;VEV_6000;XIRECS;0.0;5
68400;;;VEV_6500;XIRECS;0.0;5
69200;;;VELVETFRUIT_EXTRACT;XIRECS;5239.0;8
69500;;;VEV_5300;XIRECS;48.0;5
69500;;;VEV_5400;XIRECS;20.0;5
69500;;;VEV_5500;XIRECS;7.0;5
69500;;;VEV_6000;XIRECS;0.0;5
69500;;;VEV_6500;XIRECS;0.0;5
73000;;;HYDROGEL_PACK;XIRECS;9980.0;3
75300;;;VEV_4000;XIRECS;1253.0;3
75500;;;VELVETFRUIT_EXTRACT;XIRECS;5243.0;6
75800;;;VELVETFRUIT_EXTRACT;XIRECS;5240.0;3
76300;;;VELVETFRUIT_EXTRACT;XIRECS;5247.0;8
77800;;;HYDROGEL_PACK;XIRECS;9990.0;2
79000;;;VEV_4000;XIRECS;1235.0;2
79800;;;VELVETFRUIT_EXTRACT;XIRECS;5247.0;6
79800;;;VEV_4000;XIRECS;1260.0;1
79900;;;VEV_4000;XIRECS;1261.0;2
81700;;;VEV_4000;XIRECS;1264.0;1
85300;;;VELVETFRUIT_EXTRACT;XIRECS;5245.0;6
85800;;;VELVETFRUIT_EXTRACT;XIRECS;5238.0;4
86300;;;VELVETFRUIT_EXTRACT;XIRECS;5244.0;7
86800;;;VELVETFRUIT_EXTRACT;XIRECS;5245.0;6
87400;;;VEV_5300;XIRECS;47.0;3
87400;;;VEV_5400;XIRECS;20.0;3
87400;;;VEV_5500;XIRECS;7.0;3
87400;;;VEV_6000;XIRECS;0.0;3
87400;;;VEV_6500;XIRECS;0.0;3
88000;;;VEV_4000;XIRECS;1247.0;1
88900;;;VEV_5500;XIRECS;7.0;4
88900;;;VEV_6000;XIRECS;0.0;4
88900;;;VEV_6500;XIRECS;0.0;4
89300;;;VELVETFRUIT_EXTRACT;XIRECS;5237.0;5
90000;;;HYDROGEL_PACK;XIRECS;9950.0;6
92600;;;VELVETFRUIT_EXTRACT;XIRECS;5232.0;5
93200;;;HYDROGEL_PACK;XIRECS;9948.0;6
94600;;;HYDROGEL_PACK;XIRECS;9931.0;3
94900;;;HYDROGEL_PACK;XIRECS;9934.0;4
96800;;;HYDROGEL_PACK;XIRECS;9940.0;2
98200;;;VEV_4000;XIRECS;1246.0;3
99100;;;VEV_4000;XIRECS;1251.0;1
100000;;;VELVETFRUIT_EXTRACT;XIRECS;5240.0;4
101800;;;VELVETFRUIT_EXTRACT;XIRECS;5241.0;4
102200;;;HYDROGEL_PACK;XIRECS;9946.0;5
102600;;;VELVETFRUIT_EXTRACT;XIRECS;5236.0;4
104800;;;VELVETFRUIT_EXTRACT;XIRECS;5235.0;6
105100;;;HYDROGEL_PACK;XIRECS;9943.0;4
105600;;;VELVETFRUIT_EXTRACT;XIRECS;5235.0;12
106100;;;HYDROGEL_PACK;XIRECS;9943.0;6
108800;;;HYDROGEL_PACK;XIRECS;9949.0;2
109300;;;VEV_4000;XIRECS;1216.0;1
109500;;;HYDROGEL_PACK;XIRECS;9926.0;2
109700;;;VEV_5300;XIRECS;41.0;4
109700;;;VEV_5400;XIRECS;17.0;4
109700;;;VEV_5500;XIRECS;6.0;4
109700;;;VEV_6000;XIRECS;0.0;4
109700;;;VEV_6500;XIRECS;0.0;4
110200;;;VELVETFRUIT_EXTRACT;XIRECS;5224.0;5
110600;;;VEV_5300;XIRECS;41.0;3
110600;;;VEV_5400;XIRECS;17.0;3
110600;;;VEV_5500;XIRECS;6.0;3
110600;;;VEV_6000;XIRECS;0.0;3
110600;;;VEV_6500;XIRECS;0.0;3
112900;;;VELVETFRUIT_EXTRACT;XIRECS;5224.0;5
116000;;;VEV_4000;XIRECS;1206.0;1
116300;;;HYDROGEL_PACK;XIRECS;9929.0;5
117700;;;VELVETFRUIT_EXTRACT;XIRECS;5223.0;8
120900;;;VELVETFRUIT_EXTRACT;XIRECS;5219.0;5
121500;;;VEV_4000;XIRECS;1233.0;2
122600;;;VEV_4000;XIRECS;1242.0;2
123200;;;VELVETFRUIT_EXTRACT;XIRECS;5230.0;5
125000;;;HYDROGEL_PACK;XIRECS;9972.0;4
125700;;;VEV_5300;XIRECS;45.0;4
125700;;;VEV_5500;XIRECS;7.0;4
125700;;;VEV_6000;XIRECS;0.0;4
125700;;;VEV_6500;XIRECS;0.0;4
127700;;;VELVETFRUIT_EXTRACT;XIRECS;5241.0;8
128500;;;HYDROGEL_PACK;XIRECS;9955.0;5
130400;;;VEV_4000;XIRECS;1250.0;2
130800;;;VEV_4000;XIRECS;1228.0;1
132000;;;HYDROGEL_PACK;XIRECS;9950.0;3
132900;;;HYDROGEL_PACK;XIRECS;9956.0;2
133600;;;HYDROGEL_PACK;XIRECS;9970.0;5
134400;;;VEV_4000;XIRECS;1231.0;2
136700;;;VELVETFRUIT_EXTRACT;XIRECS;5239.0;3
136800;;;HYDROGEL_PACK;XIRECS;9955.0;5
140500;;;VEV_4000;XIRECS;1239.0;3
140800;;;VELVETFRUIT_EXTRACT;XIRECS;5234.0;7
141700;;;HYDROGEL_PACK;XIRECS;9939.0;2
141700;;;VELVETFRUIT_EXTRACT;XIRECS;5234.0;6
142400;;;VELVETFRUIT_EXTRACT;XIRECS;5231.0;5
143600;;;HYDROGEL_PACK;XIRECS;9949.0;4
144100;;;VELVETFRUIT_EXTRACT;XIRECS;5227.0;7
144500;;;HYDROGEL_PACK;XIRECS;9966.0;3
145100;;;VELVETFRUIT_EXTRACT;XIRECS;5228.0;5
148100;;;VELVETFRUIT_EXTRACT;XIRECS;5223.0;3
148500;;;VEV_4000;XIRECS;1236.0;3
148700;;;VELVETFRUIT_EXTRACT;XIRECS;5223.0;8
150500;;;VEV_4000;XIRECS;1220.0;2
152200;;;VELVETFRUIT_EXTRACT;XIRECS;5237.0;3
152400;;;VELVETFRUIT_EXTRACT;XIRECS;5231.0;3
153400;;;HYDROGEL_PACK;XIRECS;9964.0;4
155200;;;HYDROGEL_PACK;XIRECS;9991.0;5
155600;;;VEV_4000;XIRECS;1253.0;2
156600;;;VELVETFRUIT_EXTRACT;XIRECS;5244.0;4
157400;;;VEV_5300;XIRECS;47.0;2
157400;;;VEV_5500;XIRECS;7.0;2
157400;;;VEV_6000;XIRECS;0.0;2
157400;;;VEV_6500;XIRECS;0.0;2
158100;;;HYDROGEL_PACK;XIRECS;9974.0;5
159000;;;VELVETFRUIT_EXTRACT;XIRECS;5249.0;6
159300;;;HYDROGEL_PACK;XIRECS;9969.0;2
160800;;;VEV_5500;XIRECS;8.0;4
160800;;;VEV_6000;XIRECS;0.0;4
160800;;;VEV_6500;XIRECS;0.0;4
162500;;;VEV_4000;XIRECS;1242.0;1
163300;;;HYDROGEL_PACK;XIRECS;9977.0;3
164600;;;HYDROGEL_PACK;XIRECS;9962.0;3
166000;;;VEV_4000;XIRECS;1239.0;2
169000;;;HYDROGEL_PACK;XIRECS;9953.0;3
169400;;;VELVETFRUIT_EXTRACT;XIRECS;5253.0;6
169900;;;VEV_5400;XIRECS;22.0;5
169900;;;VEV_6000;XIRECS;0.0;5
169900;;;VEV_6500;XIRECS;0.0;5
171500;;;HYDROGEL_PACK;XIRECS;9982.0;5
172800;;;VELVETFRUIT_EXTRACT;XIRECS;5252.0;3
173200;;;VELVETFRUIT_EXTRACT;XIRECS;5253.0;5
173700;;;VEV_5500;XIRECS;8.0;2
173700;;;VEV_6000;XIRECS;0.0;2
173700;;;VEV_6500;XIRECS;0.0;2
173900;;;VELVETFRUIT_EXTRACT;XIRECS;5245.0;5
175300;;;HYDROGEL_PACK;XIRECS;9969.0;6
176000;;;VEV_5400;XIRECS;19.0;3
176000;;;VEV_5500;XIRECS;7.0;3
176000;;;VEV_6000;XIRECS;0.0;3
176000;;;VEV_6500;XIRECS;0.0;3
177200;;;VEV_5400;XIRECS;19.0;2
177200;;;VEV_6000;XIRECS;0.0;2
177200;;;VEV_6500;XIRECS;0.0;2
178100;;;HYDROGEL_PACK;XIRECS;9958.0;2
178300;;;VELVETFRUIT_EXTRACT;XIRECS;5239.0;6
178800;;;VELVETFRUIT_EXTRACT;XIRECS;5237.0;5
179500;;;VELVETFRUIT_EXTRACT;XIRECS;5236.0;3
181700;;;VEV_5300;XIRECS;45.0;4
181700;;;VEV_5400;XIRECS;18.0;4
181700;;;VEV_5500;XIRECS;7.0;4
181700;;;VEV_6000;XIRECS;0.0;4
181700;;;VEV_6500;XIRECS;0.0;4
181900;;;HYDROGEL_PACK;XIRECS;9980.0;3
182400;;;HYDROGEL_PACK;XIRECS;9977.0;5
183300;;;HYDROGEL_PACK;XIRECS;9973.0;4
184900;;;VEV_5300;XIRECS;45.0;2
184900;;;VEV_5400;XIRECS;18.0;2
184900;;;VEV_5500;XIRECS;7.0;2
184900;;;VEV_6000;XIRECS;0.0;2
184900;;;VEV_6500;XIRECS;0.0;2
185800;;;HYDROGEL_PACK;XIRECS;9961.0;6
186600;;;VEV_5300;XIRECS;46.0;3
186600;;;VEV_5500;XIRECS;7.0;3
186600;;;VEV_6000;XIRECS;0.0;3
186600;;;VEV_6500;XIRECS;0.0;3
190100;;;VEV_5300;XIRECS;45.0;4
190100;;;VEV_5400;XIRECS;18.0;4
190100;;;VEV_5500;XIRECS;7.0;4
190100;;;VEV_6000;XIRECS;0.0;4
190100;;;VEV_6500;XIRECS;0.0;4
190500;;;VEV_4000;XIRECS;1224.0;2
190600;;;HYDROGEL_PACK;XIRECS;9943.0;6
193000;;;VEV_5300;XIRECS;43.0;2
193000;;;VEV_5400;XIRECS;17.0;2
193000;;;VEV_5500;XIRECS;6.0;2
193000;;;VEV_6000;XIRECS;0.0;2
193000;;;VEV_6500;XIRECS;0.0;2
195800;;;VELVETFRUIT_EXTRACT;XIRECS;5234.0;8
196500;;;VELVETFRUIT_EXTRACT;XIRECS;5227.0;7
196600;;;HYDROGEL_PACK;XIRECS;9953.0;3
197000;;;HYDROGEL_PACK;XIRECS;9967.0;6
198200;;;VEV_5300;XIRECS;42.0;5
198200;;;VEV_5400;XIRECS;16.0;5
198200;;;VEV_5500;XIRECS;6.0;5
198200;;;VEV_6000;XIRECS;0.0;5
198200;;;VEV_6500;XIRECS;0.0;5
199300;;;VELVETFRUIT_EXTRACT;XIRECS;5233.0;7
199700;;;VELVETFRUIT_EXTRACT;XIRECS;5227.0;4
200700;;;VELVETFRUIT_EXTRACT;XIRECS;5235.0;7
201900;;;VELVETFRUIT_EXTRACT;XIRECS;5230.0;4
202500;;;VELVETFRUIT_EXTRACT;XIRECS;5233.0;6
203600;;;VELVETFRUIT_EXTRACT;XIRECS;5229.0;10
203900;;;HYDROGEL_PACK;XIRECS;9978.0;6
206200;;;HYDROGEL_PACK;XIRECS;9983.0;5
206700;;;HYDROGEL_PACK;XIRECS;9962.0;5
207200;;;HYDROGEL_PACK;XIRECS;9962.0;4
207600;;;HYDROGEL_PACK;XIRECS;9980.0;6
209000;;;HYDROGEL_PACK;XIRECS;9989.0;5
209400;;;VELVETFRUIT_EXTRACT;XIRECS;5231.0;5
210700;;;VELVETFRUIT_EXTRACT;XIRECS;5238.0;6
212100;;;VEV_4000;XIRECS;1234.0;2
212900;;;VEV_5400;XIRECS;15.0;2
212900;;;VEV_5500;XIRECS;6.0;2
212900;;;VEV_6000;XIRECS;0.0;2
212900;;;VEV_6500;XIRECS;0.0;2
213000;;;VEV_4000;XIRECS;1209.0;1
213100;;;VELVETFRUIT_EXTRACT;XIRECS;5224.0;6
213600;;;VELVETFRUIT_EXTRACT;XIRECS;5221.0;13
215700;;;VEV_4000;XIRECS;1233.0;3
216000;;;VELVETFRUIT_EXTRACT;XIRECS;5222.0;3
216100;;;VELVETFRUIT_EXTRACT;XIRECS;5226.0;4
216600;;;VELVETFRUIT_EXTRACT;XIRECS;5222.0;7
217200;;;VELVETFRUIT_EXTRACT;XIRECS;5227.0;4
218800;;;HYDROGEL_PACK;XIRECS;9986.0;4
219600;;;VEV_4000;XIRECS;1216.0;2
220100;;;VEV_5200;XIRECS;84.0;5
220100;;;VEV_5400;XIRECS;16.0;5
220100;;;VEV_5500;XIRECS;6.0;5
220100;;;VEV_6000;XIRECS;0.0;5
220100;;;VEV_6500;XIRECS;0.0;5
221500;;;HYDROGEL_PACK;XIRECS;9986.0;3
222700;;;HYDROGEL_PACK;XIRECS;10002.0;6
222700;;;VEV_4000;XIRECS;1217.0;1
225900;;;VELVETFRUIT_EXTRACT;XIRECS;5235.0;5
227000;;;VEV_4000;XIRECS;1223.0;3
227300;;;VELVETFRUIT_EXTRACT;XIRECS;5231.0;13
227800;;;VELVETFRUIT_EXTRACT;XIRECS;5239.0;6
229700;;;VELVETFRUIT_EXTRACT;XIRECS;5237.0;7
230000;;;VEV_5400;XIRECS;17.0;5
230000;;;VEV_5500;XIRECS;7.0;5
230000;;;VEV_6000;XIRECS;0.0;5
230000;;;VEV_6500;XIRECS;0.0;5
231000;;;VELVETFRUIT_EXTRACT;XIRECS;5235.0;8
231000;;;VEV_5400;XIRECS;17.0;3
231000;;;VEV_5500;XIRECS;7.0;3
231000;;;VEV_6000;XIRECS;0.0;3
231000;;;VEV_6500;XIRECS;0.0;3
231900;;;VEV_4000;XIRECS;1227.0;2
232700;;;VELVETFRUIT_EXTRACT;XIRECS;5234.0;3
234200;;;HYDROGEL_PACK;XIRECS;9976.0;6
235100;;;VEV_5300;XIRECS;46.0;3
235100;;;VEV_5400;XIRECS;18.0;3
235100;;;VEV_5500;XIRECS;7.0;3
235100;;;VEV_6000;XIRECS;0.0;3
235100;;;VEV_6500;XIRECS;0.0;3
235900;;;VELVETFRUIT_EXTRACT;XIRECS;5231.0;8
237800;;;VEV_4000;XIRECS;1241.0;3
238700;;;VELVETFRUIT_EXTRACT;XIRECS;5233.0;6
239200;;;VELVETFRUIT_EXTRACT;XIRECS;5229.0;5
240700;;;HYDROGEL_PACK;XIRECS;9963.0;4
242100;;;VELVETFRUIT_EXTRACT;XIRECS;5237.0;3
243200;;;VEV_4000;XIRECS;1249.0;3
243300;;;HYDROGEL_PACK;XIRECS;9977.0;2
244000;;;VEV_4000;XIRECS;1230.0;3
246000;;;VEV_4000;XIRECS;1235.0;3
247100;;;HYDROGEL_PACK;XIRECS;9971.0;5
247200;;;VEV_4000;XIRECS;1233.0;3
247800;;;HYDROGEL_PACK;XIRECS;9952.0;4
248500;;;VELVETFRUIT_EXTRACT;XIRECS;5241.0;8
248700;;;HYDROGEL_PACK;XIRECS;9966.0;3
250200;;;VELVETFRUIT_EXTRACT;XIRECS;5244.0;7
251800;;;VELVETFRUIT_EXTRACT;XIRECS;5249.0;4
253100;;;VEV_4000;XIRECS;1238.0;2
256100;;;HYDROGEL_PACK;XIRECS;9969.0;5
256100;;;VELVETFRUIT_EXTRACT;XIRECS;5243.0;4
256500;;;VEV_5500;XIRECS;7.0;4
256500;;;VEV_6000;XIRECS;0.0;4
256500;;;VEV_6500;XIRECS;0.0;4
257100;;;VELVETFRUIT_EXTRACT;XIRECS;5245.0;7
257800;;;VEV_5500;XIRECS;7.0;4
257800;;;VEV_6000;XIRECS;0.0;4
257800;;;VEV_6500;XIRECS;0.0;4
260100;;;HYDROGEL_PACK;XIRECS;9999.0;2
260200;;;VELVETFRUIT_EXTRACT;XIRECS;5235.0;3
261500;;;HYDROGEL_PACK;XIRECS;10009.0;5
262300;;;VEV_4000;XIRECS;1234.0;3
263400;;;VEV_5300;XIRECS;47.0;2
263400;;;VEV_5400;XIRECS;18.0;2
263400;;;VEV_5500;XIRECS;7.0;2
263400;;;VEV_6000;XIRECS;0.0;2
263400;;;VEV_6500;XIRECS;0.0;2
263700;;;HYDROGEL_PACK;XIRECS;9989.0;3
265200;;;VELVETFRUIT_EXTRACT;XIRECS;5241.0;8
265500;;;VELVETFRUIT_EXTRACT;XIRECS;5241.0;6
265900;;;VELVETFRUIT_EXTRACT;XIRECS;5242.0;8
266000;;;VELVETFRUIT_EXTRACT;XIRECS;5241.0;8
266500;;;VEV_4000;XIRECS;1257.0;2
266800;;;HYDROGEL_PACK;XIRECS;9993.0;6
267500;;;VELVETFRUIT_EXTRACT;XIRECS;5238.0;8
270900;;;VELVETFRUIT_EXTRACT;XIRECS;5242.0;8
271900;;;VEV_4000;XIRECS;1253.0;2
273500;;;HYDROGEL_PACK;XIRECS;9995.0;4
273500;;;VEV_4000;XIRECS;1237.0;3
273700;;;VELVETFRUIT_EXTRACT;XIRECS;5251.0;3
275700;;;VEV_4000;XIRECS;1259.0;3
277200;;;VELVETFRUIT_EXTRACT;XIRECS;5254.0;6
277200;;;VEV_5400;XIRECS;20.0;3
277200;;;VEV_5500;XIRECS;8.0;3
277200;;;VEV_6000;XIRECS;0.0;3
277200;;;VEV_6500;XIRECS;0.0;3
278200;;;HYDROGEL_PACK;XIRECS;9997.0;5
278600;;;HYDROGEL_PACK;XIRECS;9991.0;4
280000;;;HYDROGEL_PACK;XIRECS;9991.0;3
280600;;;VELVETFRUIT_EXTRACT;XIRECS;5238.0;8
281300;;;VELVETFRUIT_EXTRACT;XIRECS;5242.0;8
281500;;;HYDROGEL_PACK;XIRECS;9973.0;5
281700;;;VEV_4000;XIRECS;1232.0;3
282600;;;VELVETFRUIT_EXTRACT;XIRECS;5243.0;7
283800;;;HYDROGEL_PACK;XIRECS;9990.0;2
284700;;;HYDROGEL_PACK;XIRECS;9979.0;2
286800;;;VELVETFRUIT_EXTRACT;XIRECS;5232.0;6
286800;;;VEV_4000;XIRECS;1245.0;3
287600;;;HYDROGEL_PACK;XIRECS;9980.0;6
287700;;;HYDROGEL_PACK;XIRECS;9984.0;3
289500;;;VELVETFRUIT_EXTRACT;XIRECS;5250.0;7
290600;;;HYDROGEL_PACK;XIRECS;9981.0;2
290700;;;VEV_5500;XIRECS;8.0;5
290700;;;VEV_6000;XIRECS;0.0;5
290700;;;VEV_6500;XIRECS;0.0;5
290800;;;HYDROGEL_PACK;XIRECS;9998.0;5
291200;;;VELVETFRUIT_EXTRACT;XIRECS;5237.0;7
292400;;;VELVETFRUIT_EXTRACT;XIRECS;5245.0;6
292800;;;VEV_5400;XIRECS;19.0;3
292800;;;VEV_5500;XIRECS;8.0;3
292800;;;VEV_6000;XIRECS;0.0;3
292800;;;VEV_6500;XIRECS;0.0;3
293200;;;VELVETFRUIT_EXTRACT;XIRECS;5242.0;7
294900;;;HYDROGEL_PACK;XIRECS;10006.0;6
296600;;;VEV_4000;XIRECS;1239.0;3
297300;;;VELVETFRUIT_EXTRACT;XIRECS;5245.0;3
297600;;;VELVETFRUIT_EXTRACT;XIRECS;5245.0;8
297800;;;VELVETFRUIT_EXTRACT;XIRECS;5251.0;5
298700;;;HYDROGEL_PACK;XIRECS;10003.0;4
304100;;;VEV_4000;XIRECS;1244.0;1
304700;;;VELVETFRUIT_EXTRACT;XIRECS;5255.0;4
305700;;;VELVETFRUIT_EXTRACT;XIRECS;5252.0;8
305800;;;HYDROGEL_PACK;XIRECS;10020.0;2
310000;;;VELVETFRUIT_EXTRACT;XIRECS;5253.0;3
310200;;;HYDROGEL_PACK;XIRECS;10016.0;2
311500;;;HYDROGEL_PACK;XIRECS;10027.0;5
313000;;;VEV_4000;XIRECS;1248.0;2
313400;;;HYDROGEL_PACK;XIRECS;10023.0;5
316700;;;VEV_5400;XIRECS;22.0;5
316700;;;VEV_5500;XIRECS;9.0;5
316700;;;VEV_6000;XIRECS;0.0;5
316700;;;VEV_6500;XIRECS;0.0;5
317600;;;VEV_5400;XIRECS;22.0;2
317600;;;VEV_5500;XIRECS;9.0;2
317600;;;VEV_6000;XIRECS;0.0;2
317600;;;VEV_6500;XIRECS;0.0;2
318700;;;HYDROGEL_PACK;XIRECS;10014.0;6
320300;;;VEV_4000;XIRECS;1253.0;2
320700;;;VEV_4000;XIRECS;1273.0;3
320900;;;HYDROGEL_PACK;XIRECS;10034.0;4
321200;;;HYDROGEL_PACK;XIRECS;10009.0;4
321200;;;VELVETFRUIT_EXTRACT;XIRECS;5257.0;10
322800;;;VEV_4000;XIRECS;1250.0;1
323400;;;VELVETFRUIT_EXTRACT;XIRECS;5258.0;12
323500;;;VEV_4000;XIRECS;1247.0;3
323900;;;VELVETFRUIT_EXTRACT;XIRECS;5258.0;7
327600;;;VELVETFRUIT_EXTRACT;XIRECS;5269.0;3
328800;;;VEV_4000;XIRECS;1256.0;3
329500;;;VELVETFRUIT_EXTRACT;XIRECS;5266.0;10
329700;;;VELVETFRUIT_EXTRACT;XIRECS;5265.0;3
330900;;;HYDROGEL_PACK;XIRECS;10040.0;3
331400;;;HYDROGEL_PACK;XIRECS;10025.0;2
332300;;;VEV_5300;XIRECS;58.0;4
332300;;;VEV_5500;XIRECS;10.0;4
332300;;;VEV_6000;XIRECS;0.0;4
332300;;;VEV_6500;XIRECS;0.0;4
332700;;;HYDROGEL_PACK;XIRECS;10030.0;6
335000;;;HYDROGEL_PACK;XIRECS;10047.0;5
335300;;;HYDROGEL_PACK;XIRECS;10048.0;4
335400;;;HYDROGEL_PACK;XIRECS;10048.0;4
335400;;;VELVETFRUIT_EXTRACT;XIRECS;5266.0;8
336800;;;HYDROGEL_PACK;XIRECS;10034.0;5
338000;;;VELVETFRUIT_EXTRACT;XIRECS;5262.0;3
340000;;;HYDROGEL_PACK;XIRECS;10028.0;6
345000;;;HYDROGEL_PACK;XIRECS;10015.0;4
345100;;;VEV_4000;XIRECS;1242.0;2
345400;;;VELVETFRUIT_EXTRACT;XIRECS;5250.0;8
346300;;;VELVETFRUIT_EXTRACT;XIRECS;5262.0;8
346400;;;VELVETFRUIT_EXTRACT;XIRECS;5258.0;3
347400;;;VEV_4000;XIRECS;1253.0;1
350700;;;VELVETFRUIT_EXTRACT;XIRECS;5276.0;6
351100;;;VELVETFRUIT_EXTRACT;XIRECS;5271.0;7
351800;;;VEV_4000;XIRECS;1265.0;1
352700;;;VELVETFRUIT_EXTRACT;XIRECS;5274.0;7
354000;;;VELVETFRUIT_EXTRACT;XIRECS;5270.0;3
354400;;;VELVETFRUIT_EXTRACT;XIRECS;5271.0;4
356200;;;VEV_4000;XIRECS;1262.0;1
358200;;;HYDROGEL_PACK;XIRECS;9994.0;6
359500;;;VELVETFRUIT_EXTRACT;XIRECS;5279.0;6
360000;;;VEV_6000;XIRECS;0.0;4
360000;;;VEV_6500;XIRECS;0.0;4
363700;;;HYDROGEL_PACK;XIRECS;10022.0;5
365100;;;VEV_4000;XIRECS;1266.0;1
366300;;;VELVETFRUIT_EXTRACT;XIRECS;5279.0;7
366900;;;HYDROGEL_PACK;XIRECS;10045.0;5
367000;;;HYDROGEL_PACK;XIRECS;10042.0;5
369300;;;VEV_4000;XIRECS;1263.0;1
369900;;;VELVETFRUIT_EXTRACT;XIRECS;5274.0;8
370400;;;HYDROGEL_PACK;XIRECS;10047.0;2
370600;;;HYDROGEL_PACK;XIRECS;10031.0;4
372300;;;VELVETFRUIT_EXTRACT;XIRECS;5279.0;9
373300;;;HYDROGEL_PACK;XIRECS;10054.0;2
374900;;;VELVETFRUIT_EXTRACT;XIRECS;5287.0;3
374900;;;VEV_4000;XIRECS;1295.0;1
376500;;;VELVETFRUIT_EXTRACT;XIRECS;5287.0;3
376700;;;VELVETFRUIT_EXTRACT;XIRECS;5286.0;8
378100;;;VEV_4000;XIRECS;1267.0;3
380100;;;VEV_4000;XIRECS;1280.0;1
380500;;;HYDROGEL_PACK;XIRECS;10043.0;4
381200;;;VELVETFRUIT_EXTRACT;XIRECS;5269.0;7
381400;;;HYDROGEL_PACK;XIRECS;10035.0;4
383100;;;HYDROGEL_PACK;XIRECS;10033.0;6
386500;;;VELVETFRUIT_EXTRACT;XIRECS;5271.0;3
387500;;;VELVETFRUIT_EXTRACT;XIRECS;5275.0;7
388000;;;VELVETFRUIT_EXTRACT;XIRECS;5275.0;4
389600;;;VELVETFRUIT_EXTRACT;XIRECS;5271.0;4
389800;;;HYDROGEL_PACK;XIRECS;10018.0;4
390400;;;HYDROGEL_PACK;XIRECS;10003.0;6
392600;;;VELVETFRUIT_EXTRACT;XIRECS;5266.0;8
394200;;;VELVETFRUIT_EXTRACT;XIRECS;5261.0;7
394300;;;VEV_4000;XIRECS;1272.0;2
395500;;;VELVETFRUIT_EXTRACT;XIRECS;5261.0;3
396900;;;VELVETFRUIT_EXTRACT;XIRECS;5263.0;10
397900;;;VELVETFRUIT_EXTRACT;XIRECS;5260.0;6
399700;;;VELVETFRUIT_EXTRACT;XIRECS;5259.0;6
402000;;;HYDROGEL_PACK;XIRECS;10016.0;4
402100;;;VEV_5400;XIRECS;21.0;3
402100;;;VEV_5500;XIRECS;9.0;3
402100;;;VEV_6000;XIRECS;0.0;3
402100;;;VEV_6500;XIRECS;0.0;3
404300;;;VELVETFRUIT_EXTRACT;XIRECS;5260.0;8
405600;;;HYDROGEL_PACK;XIRECS;9999.0;5
405800;;;VELVETFRUIT_EXTRACT;XIRECS;5260.0;7
407400;;;VEV_4000;XIRECS;1281.0;1
407800;;;VELVETFRUIT_EXTRACT;XIRECS;5271.0;9
409600;;;VELVETFRUIT_EXTRACT;XIRECS;5269.0;6
410500;;;HYDROGEL_PACK;XIRECS;9990.0;3
411400;;;VEV_4000;XIRECS;1281.0;1
414600;;;HYDROGEL_PACK;XIRECS;9993.0;2
414800;;;VELVETFRUIT_EXTRACT;XIRECS;5266.0;5
416400;;;HYDROGEL_PACK;XIRECS;9964.0;5
417000;;;HYDROGEL_PACK;XIRECS;9978.0;6
417000;;;VELVETFRUIT_EXTRACT;XIRECS;5264.0;9
417100;;;HYDROGEL_PACK;XIRECS;9977.0;2
417500;;;VEV_4000;XIRECS;1274.0;2
419500;;;VELVETFRUIT_EXTRACT;XIRECS;5262.0;5
420400;;;VEV_5400;XIRECS;21.0;3
420400;;;VEV_5500;XIRECS;9.0;3
420400;;;VEV_6000;XIRECS;0.0;3
420400;;;VEV_6500;XIRECS;0.0;3
421200;;;VELVETFRUIT_EXTRACT;XIRECS;5270.0;5
422900;;;HYDROGEL_PACK;XIRECS;9977.0;4
423100;;;VELVETFRUIT_EXTRACT;XIRECS;5264.0;6
425600;;;HYDROGEL_PACK;XIRECS;9994.0;2
428200;;;VELVETFRUIT_EXTRACT;XIRECS;5256.0;8
428300;;;HYDROGEL_PACK;XIRECS;10001.0;5
429100;;;HYDROGEL_PACK;XIRECS;9979.0;3
429700;;;VELVETFRUIT_EXTRACT;XIRECS;5249.0;8
430800;;;VELVETFRUIT_EXTRACT;XIRECS;5252.0;4
431800;;;VEV_4000;XIRECS;1260.0;1
432000;;;VELVETFRUIT_EXTRACT;XIRECS;5249.0;8
433100;;;VELVETFRUIT_EXTRACT;XIRECS;5246.0;9
433500;;;VELVETFRUIT_EXTRACT;XIRECS;5248.0;3
435200;;;HYDROGEL_PACK;XIRECS;9978.0;6
436500;;;HYDROGEL_PACK;XIRECS;9985.0;3
436600;;;VELVETFRUIT_EXTRACT;XIRECS;5249.0;8
437100;;;VELVETFRUIT_EXTRACT;XIRECS;5245.0;5
440100;;;VELVETFRUIT_EXTRACT;XIRECS;5248.0;4
442300;;;VELVETFRUIT_EXTRACT;XIRECS;5244.0;7
443900;;;HYDROGEL_PACK;XIRECS;9966.0;5
446300;;;HYDROGEL_PACK;XIRECS;9960.0;3
446500;;;VEV_4000;XIRECS;1240.0;1
447400;;;HYDROGEL_PACK;XIRECS;9944.0;5
447500;;;VEV_4000;XIRECS;1261.0;3
447800;;;VEV_4000;XIRECS;1240.0;3
447800;;;VEV_5300;XIRECS;49.0;5
447800;;;VEV_5400;XIRECS;18.0;5
447800;;;VEV_5500;XIRECS;7.0;5
447800;;;VEV_6000;XIRECS;0.0;5
447800;;;VEV_6500;XIRECS;0.0;5
448000;;;HYDROGEL_PACK;XIRECS;9951.0;4
448100;;;VEV_4000;XIRECS;1240.0;2
448400;;;VELVETFRUIT_EXTRACT;XIRECS;5253.0;7
449700;;;VEV_5400;XIRECS;17.0;5
449700;;;VEV_5500;XIRECS;7.0;5
449700;;;VEV_6000;XIRECS;0.0;5
449700;;;VEV_6500;XIRECS;0.0;5
450100;;;VELVETFRUIT_EXTRACT;XIRECS;5242.0;5
450300;;;VELVETFRUIT_EXTRACT;XIRECS;5246.0;7
450400;;;VEV_4000;XIRECS;1235.0;3
450500;;;VELVETFRUIT_EXTRACT;XIRECS;5243.0;6
452500;;;VELVETFRUIT_EXTRACT;XIRECS;5240.0;8
453100;;;VEV_5300;XIRECS;45.0;3
453100;;;VEV_5400;XIRECS;16.0;3
453100;;;VEV_5500;XIRECS;6.0;3
453100;;;VEV_6000;XIRECS;0.0;3
453100;;;VEV_6500;XIRECS;0.0;3
453900;;;VELVETFRUIT_EXTRACT;XIRECS;5237.0;10
454500;;;VELVETFRUIT_EXTRACT;XIRECS;5240.0;8
454500;;;VEV_4000;XIRECS;1232.0;2
455100;;;HYDROGEL_PACK;XIRECS;9962.0;5
455600;;;VELVETFRUIT_EXTRACT;XIRECS;5241.0;4
456500;;;VEV_4000;XIRECS;1251.0;3
456600;;;VELVETFRUIT_EXTRACT;XIRECS;5243.0;8
458100;;;VELVETFRUIT_EXTRACT;XIRECS;5237.0;8
459200;;;VEV_4000;XIRECS;1229.0;3
460000;;;HYDROGEL_PACK;XIRECS;9979.0;6
460100;;;HYDROGEL_PACK;XIRECS;9981.0;3
462900;;;HYDROGEL_PACK;XIRECS;9977.0;5
463000;;;HYDROGEL_PACK;XIRECS;9974.0;3
463300;;;VELVETFRUIT_EXTRACT;XIRECS;5227.0;8
463700;;;VELVETFRUIT_EXTRACT;XIRECS;5234.0;3
467600;;;HYDROGEL_PACK;XIRECS;9966.0;3
469900;;;VELVETFRUIT_EXTRACT;XIRECS;5233.0;3
470500;;;VELVETFRUIT_EXTRACT;XIRECS;5232.0;5
471100;;;VELVETFRUIT_EXTRACT;XIRECS;5231.0;6
471700;;;HYDROGEL_PACK;XIRECS;9980.0;3
472600;;;VELVETFRUIT_EXTRACT;XIRECS;5233.0;7
472700;;;VELVETFRUIT_EXTRACT;XIRECS;5234.0;6
473100;;;HYDROGEL_PACK;XIRECS;9970.0;3
474000;;;VELVETFRUIT_EXTRACT;XIRECS;5238.0;7
474600;;;VELVETFRUIT_EXTRACT;XIRECS;5232.0;9
474900;;;HYDROGEL_PACK;XIRECS;9964.0;5
476200;;;HYDROGEL_PACK;XIRECS;9957.0;4
476800;;;VELVETFRUIT_EXTRACT;XIRECS;5240.0;8
477700;;;HYDROGEL_PACK;XIRECS;9958.0;5
478700;;;VELVETFRUIT_EXTRACT;XIRECS;5234.0;3
479200;;;VEV_5400;XIRECS;15.0;2
479200;;;VEV_5500;XIRECS;6.0;2
479200;;;VEV_6000;XIRECS;0.0;2
479200;;;VEV_6500;XIRECS;0.0;2
481600;;;HYDROGEL_PACK;XIRECS;9956.0;3
482700;;;VELVETFRUIT_EXTRACT;XIRECS;5251.0;7
483100;;;VELVETFRUIT_EXTRACT;XIRECS;5247.0;3
486200;;;VEV_5400;XIRECS;17.0;4
486200;;;VEV_5500;XIRECS;7.0;4
486200;;;VEV_6000;XIRECS;0.0;4
486200;;;VEV_6500;XIRECS;0.0;4
487500;;;HYDROGEL_PACK;XIRECS;9959.0;4
488600;;;VELVETFRUIT_EXTRACT;XIRECS;5244.0;5
489700;;;HYDROGEL_PACK;XIRECS;9956.0;6
489900;;;HYDROGEL_PACK;XIRECS;9955.0;6
490300;;;VEV_5300;XIRECS;45.0;2
490300;;;VEV_5400;XIRECS;16.0;2
490300;;;VEV_5500;XIRECS;7.0;2
490300;;;VEV_6000;XIRECS;0.0;2
490300;;;VEV_6500;XIRECS;0.0;2
491300;;;VELVETFRUIT_EXTRACT;XIRECS;5234.0;4
491300;;;VELVETFRUIT_EXTRACT;XIRECS;5234.0;3
491600;;;VELVETFRUIT_EXTRACT;XIRECS;5238.0;3
493600;;;HYDROGEL_PACK;XIRECS;9982.0;2
493600;;;VELVETFRUIT_EXTRACT;XIRECS;5241.0;5
494100;;;VELVETFRUIT_EXTRACT;XIRECS;5244.0;6
495200;;;VELVETFRUIT_EXTRACT;XIRECS;5242.0;7
496300;;;HYDROGEL_PACK;XIRECS;9973.0;4
497200;;;HYDROGEL_PACK;XIRECS;9971.0;5
498200;;;HYDROGEL_PACK;XIRECS;9963.0;5
498300;;;VEV_4000;XIRECS;1234.0;3
499400;;;VELVETFRUIT_EXTRACT;XIRECS;5247.0;7
499600;;;HYDROGEL_PACK;XIRECS;9979.0;6
501100;;;VELVETFRUIT_EXTRACT;XIRECS;5246.0;6
501400;;;HYDROGEL_PACK;XIRECS;9986.0;5
501600;;;HYDROGEL_PACK;XIRECS;9985.0;6
502000;;;HYDROGEL_PACK;XIRECS;9983.0;3
502700;;;VELVETFRUIT_EXTRACT;XIRECS;5243.0;6
503200;;;VEV_4000;XIRECS;1228.0;3
504400;;;VEV_4000;XIRECS;1228.0;3
504900;;;VEV_4000;XIRECS;1227.0;3
505100;;;VEV_4000;XIRECS;1251.0;3
505700;;;VEV_5300;XIRECS;45.0;4
505700;;;VEV_5400;XIRECS;16.0;4
505700;;;VEV_5500;XIRECS;7.0;4
505700;;;VEV_6000;XIRECS;0.0;4
505700;;;VEV_6500;XIRECS;0.0;4
506200;;;VEV_4000;XIRECS;1233.0;1
507500;;;VELVETFRUIT_EXTRACT;XIRECS;5231.0;6
510900;;;HYDROGEL_PACK;XIRECS;9939.0;4
512300;;;VELVETFRUIT_EXTRACT;XIRECS;5225.0;7
513300;;;VELVETFRUIT_EXTRACT;XIRECS;5225.0;10
513900;;;VELVETFRUIT_EXTRACT;XIRECS;5232.0;7
515500;;;VELVETFRUIT_EXTRACT;XIRECS;5225.0;7
515600;;;HYDROGEL_PACK;XIRECS;9931.0;5
515800;;;VELVETFRUIT_EXTRACT;XIRECS;5228.0;4
516300;;;HYDROGEL_PACK;XIRECS;9937.0;5
517700;;;VEV_4000;XIRECS;1223.0;2
517900;;;HYDROGEL_PACK;XIRECS;9954.0;3
518000;;;HYDROGEL_PACK;XIRECS;9936.0;5
518000;;;VELVETFRUIT_EXTRACT;XIRECS;5234.0;7
518000;;;VEV_4000;XIRECS;1226.0;2
519600;;;VELVETFRUIT_EXTRACT;XIRECS;5241.0;5
520200;;;VELVETFRUIT_EXTRACT;XIRECS;5243.0;4
521000;;;VELVETFRUIT_EXTRACT;XIRECS;5246.0;5
521400;;;HYDROGEL_PACK;XIRECS;9965.0;6
521500;;;VELVETFRUIT_EXTRACT;XIRECS;5248.0;4
522300;;;HYDROGEL_PACK;XIRECS;9971.0;6
522400;;;VELVETFRUIT_EXTRACT;XIRECS;5249.0;7
523200;;;VELVETFRUIT_EXTRACT;XIRECS;5255.0;8
523700;;;VEV_4000;XIRECS;1241.0;1
525200;;;VEV_4000;XIRECS;1244.0;3
525700;;;VELVETFRUIT_EXTRACT;XIRECS;5257.0;8
526300;;;VEV_4000;XIRECS;1267.0;2
526600;;;VEV_4000;XIRECS;1245.0;2
526800;;;HYDROGEL_PACK;XIRECS;9990.0;2
527200;;;HYDROGEL_PACK;XIRECS;9972.0;5
528700;;;VEV_4000;XIRECS;1249.0;2
530400;;;VELVETFRUIT_EXTRACT;XIRECS;5263.0;7
531300;;;VELVETFRUIT_EXTRACT;XIRECS;5255.0;10
532500;;;VEV_4000;XIRECS;1267.0;2
534700;;;VEV_5300;XIRECS;51.0;5
534700;;;VEV_5500;XIRECS;8.0;5
534700;;;VEV_6000;XIRECS;0.0;5
534700;;;VEV_6500;XIRECS;0.0;5
535000;;;VELVETFRUIT_EXTRACT;XIRECS;5249.0;3
535900;;;VELVETFRUIT_EXTRACT;XIRECS;5253.0;7
537500;;;VELVETFRUIT_EXTRACT;XIRECS;5247.0;8
538100;;;VEV_4000;XIRECS;1256.0;2
540100;;;VELVETFRUIT_EXTRACT;XIRECS;5246.0;7
540300;;;HYDROGEL_PACK;XIRECS;9980.0;2
542600;;;VELVETFRUIT_EXTRACT;XIRECS;5249.0;7
543200;;;VELVETFRUIT_EXTRACT;XIRECS;5241.0;8
545700;;;HYDROGEL_PACK;XIRECS;9963.0;5
546200;;;VELVETFRUIT_EXTRACT;XIRECS;5243.0;5
546400;;;VEV_4000;XIRECS;1251.0;3
547100;;;VELVETFRUIT_EXTRACT;XIRECS;5240.0;12
547400;;;VELVETFRUIT_EXTRACT;XIRECS;5238.0;3
548800;;;VEV_4000;XIRECS;1253.0;2
548900;;;VELVETFRUIT_EXTRACT;XIRECS;5241.0;3
550400;;;VELVETFRUIT_EXTRACT;XIRECS;5243.0;9
551200;;;VELVETFRUIT_EXTRACT;XIRECS;5244.0;4
552800;;;VELVETFRUIT_EXTRACT;XIRECS;5248.0;7
553800;;;VELVETFRUIT_EXTRACT;XIRECS;5242.0;15
554300;;;HYDROGEL_PACK;XIRECS;9943.0;5
554300;;;VELVETFRUIT_EXTRACT;XIRECS;5240.0;3
554500;;;VEV_5400;XIRECS;16.0;4
554500;;;VEV_5500;XIRECS;7.0;4
554500;;;VEV_6000;XIRECS;0.0;4
554500;;;VEV_6500;XIRECS;0.0;4
555000;;;HYDROGEL_PACK;XIRECS;9938.0;2
557400;;;HYDROGEL_PACK;XIRECS;9960.0;2
558300;;;HYDROGEL_PACK;XIRECS;9971.0;3
559100;;;VELVETFRUIT_EXTRACT;XIRECS;5235.0;7
559800;;;HYDROGEL_PACK;XIRECS;9972.0;6
560800;;;VELVETFRUIT_EXTRACT;XIRECS;5238.0;4
562900;;;HYDROGEL_PACK;XIRECS;9960.0;5
563300;;;VEV_4000;XIRECS;1247.0;3
566400;;;VELVETFRUIT_EXTRACT;XIRECS;5246.0;6
566500;;;HYDROGEL_PACK;XIRECS;9958.0;3
568200;;;VELVETFRUIT_EXTRACT;XIRECS;5247.0;7
568400;;;HYDROGEL_PACK;XIRECS;9949.0;4
568500;;;HYDROGEL_PACK;XIRECS;9965.0;3
568800;;;VEV_5400;XIRECS;18.0;3
568800;;;VEV_5500;XIRECS;8.0;3
568800;;;VEV_6000;XIRECS;0.0;3
568800;;;VEV_6500;XIRECS;0.0;3
569000;;;VELVETFRUIT_EXTRACT;XIRECS;5254.0;8
571700;;;VELVETFRUIT_EXTRACT;XIRECS;5249.0;8
574300;;;HYDROGEL_PACK;XIRECS;9951.0;4
574400;;;VELVETFRUIT_EXTRACT;XIRECS;5239.0;5
575000;;;VEV_5300;XIRECS;46.0;5
575000;;;VEV_5500;XIRECS;7.0;5
575000;;;VEV_6000;XIRECS;0.0;5
575000;;;VEV_6500;XIRECS;0.0;5
577000;;;VEV_4000;XIRECS;1251.0;3
577100;;;VEV_4000;XIRECS;1251.0;1
579000;;;VELVETFRUIT_EXTRACT;XIRECS;5244.0;5
579200;;;VELVETFRUIT_EXTRACT;XIRECS;5240.0;4
579300;;;HYDROGEL_PACK;XIRECS;9969.0;2
579800;;;VELVETFRUIT_EXTRACT;XIRECS;5245.0;6
581000;;;VELVETFRUIT_EXTRACT;XIRECS;5241.0;7
581900;;;HYDROGEL_PACK;XIRECS;9969.0;5
584300;;;VELVETFRUIT_EXTRACT;XIRECS;5237.0;8
585000;;;VEV_5400;XIRECS;16.0;4
585000;;;VEV_5500;XIRECS;7.0;4
585000;;;VEV_6000;XIRECS;0.0;4
585000;;;VEV_6500;XIRECS;0.0;4
585100;;;VELVETFRUIT_EXTRACT;XIRECS;5246.0;6
585200;;;VEV_4000;XIRECS;1254.0;2
585800;;;VELVETFRUIT_EXTRACT;XIRECS;5233.0;6
588900;;;HYDROGEL_PACK;XIRECS;9991.0;3
590500;;;VEV_4000;XIRECS;1250.0;2
591100;;;VEV_5300;XIRECS;46.0;2
591100;;;VEV_5500;XIRECS;7.0;2
591100;;;VEV_6000;XIRECS;0.0;2
591100;;;VEV_6500;XIRECS;0.0;2
591300;;;HYDROGEL_PACK;XIRECS;9980.0;2
592300;;;HYDROGEL_PACK;XIRECS;9982.0;4
592500;;;VELVETFRUIT_EXTRACT;XIRECS;5248.0;10
593200;;;VELVETFRUIT_EXTRACT;XIRECS;5249.0;3
593300;;;VEV_5400;XIRECS;16.0;2
593300;;;VEV_5500;XIRECS;7.0;2
593300;;;VEV_6000;XIRECS;0.0;2
593300;;;VEV_6500;XIRECS;0.0;2
594300;;;VEV_4000;XIRECS;1257.0;3
596100;;;HYDROGEL_PACK;XIRECS;9977.0;4
596500;;;HYDROGEL_PACK;XIRECS;9996.0;6
598100;;;HYDROGEL_PACK;XIRECS;9981.0;6
599000;;;VELVETFRUIT_EXTRACT;XIRECS;5252.0;3
599500;;;HYDROGEL_PACK;XIRECS;10003.0;2
599700;;;HYDROGEL_PACK;XIRECS;9986.0;5
601600;;;HYDROGEL_PACK;XIRECS;9996.0;6
603000;;;VEV_5300;XIRECS;46.0;2
603000;;;VEV_5500;XIRECS;7.0;2
603000;;;VEV_6000;XIRECS;0.0;2
603000;;;VEV_6500;XIRECS;0.0;2
603100;;;VEV_4000;XIRECS;1252.0;3
604600;;;VELVETFRUIT_EXTRACT;XIRECS;5243.0;7
605600;;;VELVETFRUIT_EXTRACT;XIRECS;5239.0;5
606800;;;VELVETFRUIT_EXTRACT;XIRECS;5236.0;3
608000;;;VELVETFRUIT_EXTRACT;XIRECS;5236.0;8
611300;;;VEV_4000;XIRECS;1250.0;1
613300;;;VEV_5400;XIRECS;14.0;5
613300;;;VEV_5500;XIRECS;6.0;5
613300;;;VEV_6000;XIRECS;0.0;5
613300;;;VEV_6500;XIRECS;0.0;5
616500;;;HYDROGEL_PACK;XIRECS;10016.0;6
618000;;;VELVETFRUIT_EXTRACT;XIRECS;5228.0;6
619000;;;HYDROGEL_PACK;XIRECS;9987.0;2
620400;;;VELVETFRUIT_EXTRACT;XIRECS;5224.0;4
621900;;;VELVETFRUIT_EXTRACT;XIRECS;5225.0;8
622000;;;HYDROGEL_PACK;XIRECS;10011.0;6
622100;;;VEV_4000;XIRECS;1213.0;2
622700;;;VELVETFRUIT_EXTRACT;XIRECS;5220.0;7
623300;;;VELVETFRUIT_EXTRACT;XIRECS;5218.0;3
623900;;;VEV_4000;XIRECS;1229.0;2
624800;;;VELVETFRUIT_EXTRACT;XIRECS;5220.0;6
625700;;;HYDROGEL_PACK;XIRECS;9985.0;2
626500;;;VEV_5300;XIRECS;38.0;2
626500;;;VEV_5400;XIRECS;12.0;2
626500;;;VEV_5500;XIRECS;5.0;2
626500;;;VEV_6000;XIRECS;0.0;2
626500;;;VEV_6500;XIRECS;0.0;2
626900;;;HYDROGEL_PACK;XIRECS;9980.0;2
627400;;;HYDROGEL_PACK;XIRECS;9989.0;5
629100;;;VELVETFRUIT_EXTRACT;XIRECS;5220.0;4
629300;;;HYDROGEL_PACK;XIRECS;9997.0;4
629700;;;HYDROGEL_PACK;XIRECS;9983.0;4
631100;;;HYDROGEL_PACK;XIRECS;10005.0;3
631900;;;VEV_5300;XIRECS;38.0;4
631900;;;VEV_5400;XIRECS;12.0;4
631900;;;VEV_5500;XIRECS;5.0;4
631900;;;VEV_6000;XIRECS;0.0;4
631900;;;VEV_6500;XIRECS;0.0;4
634800;;;HYDROGEL_PACK;XIRECS;10012.0;2
635000;;;VELVETFRUIT_EXTRACT;XIRECS;5228.0;5
636500;;;VELVETFRUIT_EXTRACT;XIRECS;5225.0;3
636700;;;HYDROGEL_PACK;XIRECS;10015.0;3
637800;;;VELVETFRUIT_EXTRACT;XIRECS;5232.0;4
638400;;;HYDROGEL_PACK;XIRECS;9988.0;5
638500;;;HYDROGEL_PACK;XIRECS;10003.0;6
639800;;;VELVETFRUIT_EXTRACT;XIRECS;5233.0;5
639900;;;HYDROGEL_PACK;XIRECS;9978.0;2
640100;;;HYDROGEL_PACK;XIRECS;9998.0;4
640300;;;VEV_5300;XIRECS;42.0;5
640300;;;VEV_5500;XIRECS;6.0;5
640300;;;VEV_6000;XIRECS;0.0;5
640300;;;VEV_6500;XIRECS;0.0;5
640800;;;HYDROGEL_PACK;XIRECS;9983.0;5
641600;;;VELVETFRUIT_EXTRACT;XIRECS;5229.0;8
641800;;;VELVETFRUIT_EXTRACT;XIRECS;5233.0;6
642400;;;VELVETFRUIT_EXTRACT;XIRECS;5227.0;8
642700;;;VELVETFRUIT_EXTRACT;XIRECS;5229.0;13
643900;;;HYDROGEL_PACK;XIRECS;10010.0;6
644300;;;VEV_4000;XIRECS;1217.0;2
644700;;;VELVETFRUIT_EXTRACT;XIRECS;5233.0;4
645000;;;VEV_4000;XIRECS;1240.0;1
645200;;;VELVETFRUIT_EXTRACT;XIRECS;5224.0;7
645400;;;HYDROGEL_PACK;XIRECS;10009.0;4
645500;;;HYDROGEL_PACK;XIRECS;10024.0;2
645800;;;VEV_4000;XIRECS;1218.0;1
646500;;;HYDROGEL_PACK;XIRECS;10029.0;6
646800;;;VELVETFRUIT_EXTRACT;XIRECS;5233.0;5
648100;;;VELVETFRUIT_EXTRACT;XIRECS;5228.0;3
649600;;;HYDROGEL_PACK;XIRECS;10013.0;2
650900;;;VELVETFRUIT_EXTRACT;XIRECS;5227.0;4
652300;;;HYDROGEL_PACK;XIRECS;10006.0;3
653500;;;HYDROGEL_PACK;XIRECS;10012.0;6
655000;;;VELVETFRUIT_EXTRACT;XIRECS;5231.0;5
655800;;;VEV_5200;XIRECS;88.0;5
655800;;;VEV_5500;XIRECS;6.0;5
655800;;;VEV_6000;XIRECS;0.0;5
655800;;;VEV_6500;XIRECS;0.0;5
655900;;;VEV_5300;XIRECS;42.0;3
655900;;;VEV_5500;XIRECS;6.0;3
655900;;;VEV_6000;XIRECS;0.0;3
655900;;;VEV_6500;XIRECS;0.0;3
657100;;;VEV_4000;XIRECS;1225.0;1
658800;;;VEV_4000;XIRECS;1248.0;2
661800;;;HYDROGEL_PACK;XIRECS;10022.0;4
662400;;;HYDROGEL_PACK;XIRECS;10004.0;5
662500;;;VEV_4000;XIRECS;1256.0;1
663100;;;HYDROGEL_PACK;XIRECS;9998.0;5
663200;;;VEV_4000;XIRECS;1231.0;1
663300;;;VELVETFRUIT_EXTRACT;XIRECS;5245.0;3
663600;;;VELVETFRUIT_EXTRACT;XIRECS;5242.0;5
664000;;;VEV_4000;XIRECS;1251.0;2
664100;;;VEV_4000;XIRECS;1253.0;2
665500;;;VEV_4000;XIRECS;1253.0;2
668000;;;HYDROGEL_PACK;XIRECS;9999.0;6
668300;;;VELVETFRUIT_EXTRACT;XIRECS;5245.0;4
669000;;;VELVETFRUIT_EXTRACT;XIRECS;5238.0;6
670800;;;HYDROGEL_PACK;XIRECS;9993.0;5
672800;;;VELVETFRUIT_EXTRACT;XIRECS;5243.0;4
676600;;;VELVETFRUIT_EXTRACT;XIRECS;5237.0;6
678200;;;VELVETFRUIT_EXTRACT;XIRECS;5236.0;11
679600;;;HYDROGEL_PACK;XIRECS;9995.0;6
679600;;;VELVETFRUIT_EXTRACT;XIRECS;5244.0;4
680000;;;VELVETFRUIT_EXTRACT;XIRECS;5240.0;9
680300;;;VELVETFRUIT_EXTRACT;XIRECS;5243.0;7
681600;;;VEV_4000;XIRECS;1249.0;3
682000;;;VELVETFRUIT_EXTRACT;XIRECS;5237.0;4
682100;;;HYDROGEL_PACK;XIRECS;9982.0;5
682200;;;HYDROGEL_PACK;XIRECS;9967.0;6
683300;;;VELVETFRUIT_EXTRACT;XIRECS;5234.0;3
683500;;;HYDROGEL_PACK;XIRECS;9973.0;4
685500;;;VELVETFRUIT_EXTRACT;XIRECS;5244.0;5
685800;;;VEV_4000;XIRECS;1254.0;1
686000;;;HYDROGEL_PACK;XIRECS;9990.0;4
687700;;;VELVETFRUIT_EXTRACT;XIRECS;5244.0;9
688200;;;VELVETFRUIT_EXTRACT;XIRECS;5243.0;5
689200;;;VEV_4000;XIRECS;1232.0;3
690600;;;HYDROGEL_PACK;XIRECS;10000.0;3
690600;;;VELVETFRUIT_EXTRACT;XIRECS;5248.0;13
691300;;;HYDROGEL_PACK;XIRECS;9982.0;6
692200;;;VEV_4000;XIRECS;1237.0;2
693200;;;VEV_5400;XIRECS;16.0;2
693200;;;VEV_5500;XIRECS;7.0;2
693200;;;VEV_6000;XIRECS;0.0;2
693200;;;VEV_6500;XIRECS;0.0;2
693500;;;VELVETFRUIT_EXTRACT;XIRECS;5249.0;6
693800;;;HYDROGEL_PACK;XIRECS;10005.0;6
693900;;;VELVETFRUIT_EXTRACT;XIRECS;5251.0;3
695000;;;VEV_5400;XIRECS;16.0;2
695000;;;VEV_5500;XIRECS;7.0;2
695000;;;VEV_6000;XIRECS;0.0;2
695000;;;VEV_6500;XIRECS;0.0;2
696200;;;VELVETFRUIT_EXTRACT;XIRECS;5251.0;5
696300;;;VELVETFRUIT_EXTRACT;XIRECS;5251.0;6
696800;;;VELVETFRUIT_EXTRACT;XIRECS;5251.0;5
699400;;;HYDROGEL_PACK;XIRECS;10008.0;3
707400;;;HYDROGEL_PACK;XIRECS;10024.0;4
707600;;;VELVETFRUIT_EXTRACT;XIRECS;5253.0;6
708700;;;VELVETFRUIT_EXTRACT;XIRECS;5258.0;3
710400;;;VELVETFRUIT_EXTRACT;XIRECS;5252.0;3
711600;;;VEV_5300;XIRECS;47.0;2
711600;;;VEV_5400;XIRECS;16.0;2
711600;;;VEV_5500;XIRECS;7.0;2
711600;;;VEV_6000;XIRECS;0.0;2
711600;;;VEV_6500;XIRECS;0.0;2
711900;;;VELVETFRUIT_EXTRACT;XIRECS;5251.0;3
712800;;;HYDROGEL_PACK;XIRECS;10018.0;5
712900;;;VELVETFRUIT_EXTRACT;XIRECS;5250.0;6
713700;;;VEV_4000;XIRECS;1256.0;1
713800;;;VEV_4000;XIRECS;1257.0;2
714900;;;HYDROGEL_PACK;XIRECS;10007.0;2
715000;;;HYDROGEL_PACK;XIRECS;10005.0;2
715000;;;VEV_5400;XIRECS;17.0;3
715000;;;VEV_5500;XIRECS;8.0;3
715000;;;VEV_6000;XIRECS;0.0;3
715000;;;VEV_6500;XIRECS;0.0;3
715500;;;VELVETFRUIT_EXTRACT;XIRECS;5249.0;4
715600;;;VELVETFRUIT_EXTRACT;XIRECS;5249.0;5
719300;;;VELVETFRUIT_EXTRACT;XIRECS;5250.0;7
719900;;;VELVETFRUIT_EXTRACT;XIRECS;5250.0;5
721300;;;HYDROGEL_PACK;XIRECS;10005.0;5
721400;;;HYDROGEL_PACK;XIRECS;10003.0;5
722600;;;HYDROGEL_PACK;XIRECS;10001.0;4
722600;;;VEV_5500;XIRECS;8.0;3
722600;;;VEV_6000;XIRECS;0.0;3
722600;;;VEV_6500;XIRECS;0.0;3
725000;;;VELVETFRUIT_EXTRACT;XIRECS;5266.0;4
727400;;;VELVETFRUIT_EXTRACT;XIRECS;5270.0;6
729100;;;VEV_5400;XIRECS;20.0;3
729100;;;VEV_5500;XIRECS;9.0;3
729100;;;VEV_6000;XIRECS;0.0;3
729100;;;VEV_6500;XIRECS;0.0;3
731500;;;VELVETFRUIT_EXTRACT;XIRECS;5275.0;7
732700;;;VELVETFRUIT_EXTRACT;XIRECS;5268.0;8
735100;;;HYDROGEL_PACK;XIRECS;10039.0;5
735800;;;VELVETFRUIT_EXTRACT;XIRECS;5269.0;3
735900;;;VEV_4000;XIRECS;1260.0;2
736700;;;VEV_5400;XIRECS;20.0;2
736700;;;VEV_5500;XIRECS;9.0;2
736700;;;VEV_6000;XIRECS;0.0;2
736700;;;VEV_6500;XIRECS;0.0;2
736800;;;VEV_5500;XIRECS;9.0;2
736800;;;VEV_6000;XIRECS;0.0;2
736800;;;VEV_6500;XIRECS;0.0;2
738300;;;HYDROGEL_PACK;XIRECS;10037.0;5
738400;;;HYDROGEL_PACK;XIRECS;10054.0;2
739100;;;VEV_4000;XIRECS;1281.0;3
740800;;;HYDROGEL_PACK;XIRECS;10058.0;3
741100;;;VELVETFRUIT_EXTRACT;XIRECS;5269.0;9
741300;;;HYDROGEL_PACK;XIRECS;10057.0;2
744700;;;VELVETFRUIT_EXTRACT;XIRECS;5272.0;6
746600;;;VELVETFRUIT_EXTRACT;XIRECS;5269.0;7
746800;;;VELVETFRUIT_EXTRACT;XIRECS;5275.0;4
748000;;;VELVETFRUIT_EXTRACT;XIRECS;5278.0;7
748000;;;VEV_4000;XIRECS;1286.0;1
748800;;;HYDROGEL_PACK;XIRECS;10038.0;6
750300;;;HYDROGEL_PACK;XIRECS;10029.0;4
750300;;;VELVETFRUIT_EXTRACT;XIRECS;5279.0;6
754800;;;HYDROGEL_PACK;XIRECS;10049.0;3
755900;;;HYDROGEL_PACK;XIRECS;10047.0;2
756100;;;VELVETFRUIT_EXTRACT;XIRECS;5270.0;14
757300;;;VEV_6000;XIRECS;0.0;5
757300;;;VEV_6500;XIRECS;0.0;5
758600;;;VELVETFRUIT_EXTRACT;XIRECS;5275.0;3
758800;;;VELVETFRUIT_EXTRACT;XIRECS;5273.0;6
760300;;;HYDROGEL_PACK;XIRECS;10025.0;6
761600;;;VELVETFRUIT_EXTRACT;XIRECS;5259.0;4
761600;;;VEV_4000;XIRECS;1245.0;3
762000;;;VEV_4000;XIRECS;1267.0;2
762200;;;HYDROGEL_PACK;XIRECS;10003.0;3
762500;;;VEV_4000;XIRECS;1266.0;2
762800;;;HYDROGEL_PACK;XIRECS;10002.0;5
763000;;;HYDROGEL_PACK;XIRECS;10018.0;4
764200;;;HYDROGEL_PACK;XIRECS;9995.0;4
764300;;;VELVETFRUIT_EXTRACT;XIRECS;5258.0;7
764400;;;HYDROGEL_PACK;XIRECS;9994.0;5
765200;;;VEV_4000;XIRECS;1271.0;3
769300;;;VEV_5400;XIRECS;18.0;5
769300;;;VEV_5500;XIRECS;9.0;5
769300;;;VEV_6000;XIRECS;0.0;5
769300;;;VEV_6500;XIRECS;0.0;5
769500;;;HYDROGEL_PACK;XIRECS;10022.0;3
770000;;;VELVETFRUIT_EXTRACT;XIRECS;5265.0;3
772300;;;VELVETFRUIT_EXTRACT;XIRECS;5259.0;10
773400;;;HYDROGEL_PACK;XIRECS;10005.0;6
774500;;;VELVETFRUIT_EXTRACT;XIRECS;5264.0;8
775200;;;VELVETFRUIT_EXTRACT;XIRECS;5257.0;3
776900;;;HYDROGEL_PACK;XIRECS;9999.0;4
777400;;;VELVETFRUIT_EXTRACT;XIRECS;5255.0;4
778400;;;HYDROGEL_PACK;XIRECS;9999.0;6
778700;;;HYDROGEL_PACK;XIRECS;10011.0;4
779000;;;HYDROGEL_PACK;XIRECS;10010.0;4
779600;;;VEV_5400;XIRECS;17.0;4
779600;;;VEV_5500;XIRECS;8.0;4
779600;;;VEV_6000;XIRECS;0.0;4
779600;;;VEV_6500;XIRECS;0.0;4
780100;;;HYDROGEL_PACK;XIRECS;10020.0;4
780900;;;VEV_4000;XIRECS;1258.0;2
781500;;;VELVETFRUIT_EXTRACT;XIRECS;5247.0;7
783500;;;VELVETFRUIT_EXTRACT;XIRECS;5249.0;7
784600;;;VELVETFRUIT_EXTRACT;XIRECS;5244.0;8
785300;;;HYDROGEL_PACK;XIRECS;9985.0;6
787300;;;VEV_4000;XIRECS;1237.0;3
791300;;;VEV_5400;XIRECS;15.0;3
791300;;;VEV_5500;XIRECS;7.0;3
791300;;;VEV_6000;XIRECS;0.0;3
791300;;;VEV_6500;XIRECS;0.0;3
792300;;;VELVETFRUIT_EXTRACT;XIRECS;5239.0;5
793000;;;VELVETFRUIT_EXTRACT;XIRECS;5247.0;6
793800;;;HYDROGEL_PACK;XIRECS;10013.0;4
793900;;;VELVETFRUIT_EXTRACT;XIRECS;5241.0;6
794900;;;HYDROGEL_PACK;XIRECS;9991.0;4
795700;;;HYDROGEL_PACK;XIRECS;9982.0;4
796800;;;VELVETFRUIT_EXTRACT;XIRECS;5242.0;7
797900;;;VELVETFRUIT_EXTRACT;XIRECS;5241.0;5
798400;;;VELVETFRUIT_EXTRACT;XIRECS;5246.0;5
799200;;;HYDROGEL_PACK;XIRECS;10005.0;6
799800;;;VELVETFRUIT_EXTRACT;XIRECS;5245.0;6
800600;;;VELVETFRUIT_EXTRACT;XIRECS;5247.0;4
802300;;;HYDROGEL_PACK;XIRECS;9984.0;2
802300;;;VEV_4000;XIRECS;1261.0;2
802400;;;HYDROGEL_PACK;XIRECS;9997.0;6
804800;;;HYDROGEL_PACK;XIRECS;9980.0;4
805000;;;HYDROGEL_PACK;XIRECS;9998.0;5
805900;;;HYDROGEL_PACK;XIRECS;9977.0;3
806000;;;HYDROGEL_PACK;XIRECS;9993.0;5
806200;;;HYDROGEL_PACK;XIRECS;9975.0;4
807100;;;VELVETFRUIT_EXTRACT;XIRECS;5244.0;8
808600;;;VEV_4000;XIRECS;1252.0;1
809500;;;VELVETFRUIT_EXTRACT;XIRECS;5242.0;5
810000;;;VEV_5300;XIRECS;47.0;5
810000;;;VEV_5400;XIRECS;15.0;5
810000;;;VEV_6000;XIRECS;0.0;5
810000;;;VEV_6500;XIRECS;0.0;5
810200;;;HYDROGEL_PACK;XIRECS;9969.0;5
810600;;;VELVETFRUIT_EXTRACT;XIRECS;5247.0;4
812700;;;VELVETFRUIT_EXTRACT;XIRECS;5250.0;7
815500;;;VELVETFRUIT_EXTRACT;XIRECS;5249.0;7
816900;;;VELVETFRUIT_EXTRACT;XIRECS;5255.0;5
818500;;;VELVETFRUIT_EXTRACT;XIRECS;5256.0;3
819500;;;VELVETFRUIT_EXTRACT;XIRECS;5250.0;14
819800;;;VEV_4000;XIRECS;1266.0;2
821700;;;VELVETFRUIT_EXTRACT;XIRECS;5256.0;8
822000;;;VELVETFRUIT_EXTRACT;XIRECS;5253.0;8
822400;;;VELVETFRUIT_EXTRACT;XIRECS;5250.0;8
822700;;;VELVETFRUIT_EXTRACT;XIRECS;5255.0;10
824000;;;HYDROGEL_PACK;XIRECS;9985.0;6
824700;;;VELVETFRUIT_EXTRACT;XIRECS;5249.0;8
825200;;;VELVETFRUIT_EXTRACT;XIRECS;5244.0;3
825600;;;HYDROGEL_PACK;XIRECS;9987.0;5
827000;;;VELVETFRUIT_EXTRACT;XIRECS;5257.0;8
829700;;;VEV_4000;XIRECS;1272.0;2
830800;;;VEV_4000;XIRECS;1269.0;3
830900;;;VELVETFRUIT_EXTRACT;XIRECS;5254.0;7
831400;;;VELVETFRUIT_EXTRACT;XIRECS;5258.0;8
831800;;;VEV_4000;XIRECS;1266.0;2
832500;;;VELVETFRUIT_EXTRACT;XIRECS;5255.0;14
832700;;;HYDROGEL_PACK;XIRECS;9995.0;2
832900;;;HYDROGEL_PACK;XIRECS;9991.0;5
835500;;;VEV_5300;XIRECS;50.0;5
835500;;;VEV_5400;XIRECS;17.0;5
835500;;;VEV_5500;XIRECS;8.0;5
835500;;;VEV_6000;XIRECS;0.0;5
835500;;;VEV_6500;XIRECS;0.0;5
836300;;;VELVETFRUIT_EXTRACT;XIRECS;5252.0;7
838200;;;VELVETFRUIT_EXTRACT;XIRECS;5259.0;6
838500;;;VELVETFRUIT_EXTRACT;XIRECS;5255.0;5
838800;;;VELVETFRUIT_EXTRACT;XIRECS;5259.0;5
840700;;;VELVETFRUIT_EXTRACT;XIRECS;5260.0;13
841500;;;HYDROGEL_PACK;XIRECS;9983.0;2
841600;;;VEV_4000;XIRECS;1246.0;3
841900;;;VELVETFRUIT_EXTRACT;XIRECS;5259.0;3
842800;;;VELVETFRUIT_EXTRACT;XIRECS;5256.0;8
842900;;;VEV_5300;XIRECS;50.0;5
842900;;;VEV_5400;XIRECS;17.0;5
842900;;;VEV_5500;XIRECS;8.0;5
842900;;;VEV_6000;XIRECS;0.0;5
842900;;;VEV_6500;XIRECS;0.0;5
843000;;;HYDROGEL_PACK;XIRECS;10016.0;3
844000;;;VELVETFRUIT_EXTRACT;XIRECS;5254.0;7
844600;;;HYDROGEL_PACK;XIRECS;10006.0;4
845100;;;VEV_5500;XIRECS;8.0;5
845100;;;VEV_6000;XIRECS;0.0;5
845100;;;VEV_6500;XIRECS;0.0;5
847900;;;VEV_4000;XIRECS;1248.0;3
850400;;;HYDROGEL_PACK;XIRECS;10014.0;6
851700;;;VELVETFRUIT_EXTRACT;XIRECS;5252.0;4
852400;;;HYDROGEL_PACK;XIRECS;9998.0;2
852600;;;VEV_4000;XIRECS;1243.0;1
853800;;;VEV_4000;XIRECS;1265.0;1
856600;;;VELVETFRUIT_EXTRACT;XIRECS;5257.0;10
859100;;;HYDROGEL_PACK;XIRECS;10011.0;6
859100;;;VEV_5300;XIRECS;49.0;2
859100;;;VEV_5400;XIRECS;17.0;2
859100;;;VEV_5500;XIRECS;8.0;2
859100;;;VEV_6000;XIRECS;0.0;2
859100;;;VEV_6500;XIRECS;0.0;2
859300;;;VEV_5300;XIRECS;50.0;2
859300;;;VEV_5400;XIRECS;18.0;2
859300;;;VEV_5500;XIRECS;8.0;2
859300;;;VEV_6000;XIRECS;0.0;2
859300;;;VEV_6500;XIRECS;0.0;2
859700;;;HYDROGEL_PACK;XIRECS;10006.0;4
860500;;;HYDROGEL_PACK;XIRECS;10016.0;4
861800;;;VELVETFRUIT_EXTRACT;XIRECS;5256.0;3
862100;;;HYDROGEL_PACK;XIRECS;9999.0;5
862100;;;VEV_4000;XIRECS;1261.0;3
862500;;;VEV_5400;XIRECS;17.0;2
862500;;;VEV_5500;XIRECS;7.0;2
862500;;;VEV_6000;XIRECS;0.0;2
862500;;;VEV_6500;XIRECS;0.0;2
863700;;;VELVETFRUIT_EXTRACT;XIRECS;5255.0;5
864800;;;HYDROGEL_PACK;XIRECS;10000.0;6
864800;;;VEV_4000;XIRECS;1258.0;3
864900;;;VELVETFRUIT_EXTRACT;XIRECS;5251.0;7
866200;;;VELVETFRUIT_EXTRACT;XIRECS;5255.0;3
867200;;;HYDROGEL_PACK;XIRECS;10020.0;3
868000;;;HYDROGEL_PACK;XIRECS;10004.0;3
868200;;;HYDROGEL_PACK;XIRECS;10007.0;2
869000;;;VELVETFRUIT_EXTRACT;XIRECS;5265.0;5
869500;;;VEV_4000;XIRECS;1259.0;1
870200;;;VELVETFRUIT_EXTRACT;XIRECS;5271.0;6
870200;;;VEV_4000;XIRECS;1279.0;3
871100;;;VELVETFRUIT_EXTRACT;XIRECS;5270.0;4
871200;;;VELVETFRUIT_EXTRACT;XIRECS;5264.0;9
873100;;;HYDROGEL_PACK;XIRECS;10012.0;3
873700;;;VEV_5500;XIRECS;9.0;4
873700;;;VEV_6000;XIRECS;0.0;4
873700;;;VEV_6500;XIRECS;0.0;4
874800;;;HYDROGEL_PACK;XIRECS;9990.0;4
875600;;;VEV_4000;XIRECS;1268.0;1
876100;;;HYDROGEL_PACK;XIRECS;9989.0;6
878600;;;VELVETFRUIT_EXTRACT;XIRECS;5260.0;5
880800;;;VELVETFRUIT_EXTRACT;XIRECS;5258.0;5
882600;;;VELVETFRUIT_EXTRACT;XIRECS;5251.0;10
882800;;;VELVETFRUIT_EXTRACT;XIRECS;5248.0;8
883900;;;HYDROGEL_PACK;XIRECS;10015.0;3
884000;;;VEV_5400;XIRECS;17.0;5
884000;;;VEV_5500;XIRECS;8.0;5
884000;;;VEV_6000;XIRECS;0.0;5
884000;;;VEV_6500;XIRECS;0.0;5
884500;;;HYDROGEL_PACK;XIRECS;10017.0;2
885300;;;HYDROGEL_PACK;XIRECS;10019.0;5
885400;;;VEV_4000;XIRECS;1263.0;1
885800;;;VELVETFRUIT_EXTRACT;XIRECS;5250.0;5
886200;;;HYDROGEL_PACK;XIRECS;10039.0;5
886700;;;VELVETFRUIT_EXTRACT;XIRECS;5252.0;6
886700;;;VEV_4000;XIRECS;1242.0;2
889300;;;HYDROGEL_PACK;XIRECS;10048.0;3
890900;;;VEV_4000;XIRECS;1264.0;3
891000;;;VEV_4000;XIRECS;1265.0;1
891400;;;VELVETFRUIT_EXTRACT;XIRECS;5255.0;6
891500;;;VEV_4000;XIRECS;1248.0;3
893500;;;VELVETFRUIT_EXTRACT;XIRECS;5254.0;3
893800;;;VELVETFRUIT_EXTRACT;XIRECS;5253.0;5
895100;;;VELVETFRUIT_EXTRACT;XIRECS;5255.0;5
895800;;;VEV_6000;XIRECS;0.0;3
895800;;;VEV_6500;XIRECS;0.0;3
898300;;;VELVETFRUIT_EXTRACT;XIRECS;5259.0;8
898800;;;HYDROGEL_PACK;XIRECS;10002.0;5
899800;;;VEV_4000;XIRECS;1248.0;3
904700;;;VELVETFRUIT_EXTRACT;XIRECS;5239.0;7
908000;;;HYDROGEL_PACK;XIRECS;9980.0;4
908800;;;VELVETFRUIT_EXTRACT;XIRECS;5243.0;7
909100;;;VELVETFRUIT_EXTRACT;XIRECS;5243.0;3
910400;;;VELVETFRUIT_EXTRACT;XIRECS;5247.0;5
910900;;;HYDROGEL_PACK;XIRECS;9973.0;5
912300;;;HYDROGEL_PACK;XIRECS;9975.0;2
912400;;;VEV_5300;XIRECS;52.0;4
912400;;;VEV_6000;XIRECS;0.0;4
912400;;;VEV_6500;XIRECS;0.0;4
912800;;;VELVETFRUIT_EXTRACT;XIRECS;5259.0;5
913400;;;VELVETFRUIT_EXTRACT;XIRECS;5267.0;5
913800;;;VELVETFRUIT_EXTRACT;XIRECS;5260.0;7
914400;;;VELVETFRUIT_EXTRACT;XIRECS;5256.0;7
914600;;;VEV_4000;XIRECS;1249.0;2
915000;;;VELVETFRUIT_EXTRACT;XIRECS;5257.0;7
916300;;;VELVETFRUIT_EXTRACT;XIRECS;5259.0;6
916900;;;VEV_4000;XIRECS;1246.0;1
917000;;;HYDROGEL_PACK;XIRECS;9959.0;3
917000;;;VELVETFRUIT_EXTRACT;XIRECS;5259.0;4
918600;;;HYDROGEL_PACK;XIRECS;9962.0;5
919500;;;VEV_5400;XIRECS;18.0;4
919500;;;VEV_5500;XIRECS;8.0;4
919500;;;VEV_6000;XIRECS;0.0;4
919500;;;VEV_6500;XIRECS;0.0;4
920500;;;VELVETFRUIT_EXTRACT;XIRECS;5255.0;8
920600;;;VELVETFRUIT_EXTRACT;XIRECS;5254.0;7
920900;;;HYDROGEL_PACK;XIRECS;9987.0;6
922000;;;VELVETFRUIT_EXTRACT;XIRECS;5260.0;6
922400;;;HYDROGEL_PACK;XIRECS;9971.0;6
923100;;;HYDROGEL_PACK;XIRECS;9995.0;5
923400;;;VEV_4000;XIRECS;1258.0;3
924000;;;HYDROGEL_PACK;XIRECS;9989.0;6
924900;;;HYDROGEL_PACK;XIRECS;9997.0;6
925100;;;VELVETFRUIT_EXTRACT;XIRECS;5279.0;4
925200;;;VELVETFRUIT_EXTRACT;XIRECS;5279.0;4
925600;;;VELVETFRUIT_EXTRACT;XIRECS;5273.0;6
925800;;;VEV_4000;XIRECS;1284.0;3
928400;;;HYDROGEL_PACK;XIRECS;10008.0;6
928800;;;VELVETFRUIT_EXTRACT;XIRECS;5273.0;5
930100;;;VEV_4000;XIRECS;1281.0;2
930900;;;VELVETFRUIT_EXTRACT;XIRECS;5264.0;6
932300;;;VEV_4000;XIRECS;1256.0;2
932600;;;VELVETFRUIT_EXTRACT;XIRECS;5262.0;8
932900;;;HYDROGEL_PACK;XIRECS;9994.0;3
933200;;;VELVETFRUIT_EXTRACT;XIRECS;5266.0;4
934000;;;VEV_4000;XIRECS;1251.0;2
935100;;;VELVETFRUIT_EXTRACT;XIRECS;5259.0;4
936200;;;VELVETFRUIT_EXTRACT;XIRECS;5257.0;7
937400;;;VELVETFRUIT_EXTRACT;XIRECS;5265.0;3
937600;;;VELVETFRUIT_EXTRACT;XIRECS;5258.0;3
937800;;;VEV_4000;XIRECS;1248.0;1
938300;;;VELVETFRUIT_EXTRACT;XIRECS;5254.0;4
938600;;;VELVETFRUIT_EXTRACT;XIRECS;5254.0;6
939100;;;HYDROGEL_PACK;XIRECS;9994.0;5
939400;;;VELVETFRUIT_EXTRACT;XIRECS;5255.0;8
940000;;;VEV_4000;XIRECS;1264.0;1
940700;;;HYDROGEL_PACK;XIRECS;10008.0;3
941200;;;VEV_5400;XIRECS;17.0;2
941200;;;VEV_6000;XIRECS;0.0;2
941200;;;VEV_6500;XIRECS;0.0;2
941400;;;VEV_4000;XIRECS;1261.0;2
942000;;;HYDROGEL_PACK;XIRECS;10010.0;2
943300;;;HYDROGEL_PACK;XIRECS;9997.0;3
944100;;;HYDROGEL_PACK;XIRECS;9998.0;4
945000;;;VEV_4000;XIRECS;1236.0;2
946400;;;VEV_4000;XIRECS;1255.0;2
946600;;;VEV_5300;XIRECS;45.0;4
946600;;;VEV_5500;XIRECS;7.0;4
946600;;;VEV_6000;XIRECS;0.0;4
946600;;;VEV_6500;XIRECS;0.0;4
947500;;;VELVETFRUIT_EXTRACT;XIRECS;5242.0;8
947800;;;VEV_5200;XIRECS;95.0;5
947800;;;VEV_5400;XIRECS;16.0;5
947800;;;VEV_5500;XIRECS;7.0;5
947800;;;VEV_6000;XIRECS;0.0;5
947800;;;VEV_6500;XIRECS;0.0;5
948900;;;VEV_5400;XIRECS;16.0;3
948900;;;VEV_5500;XIRECS;7.0;3
948900;;;VEV_6000;XIRECS;0.0;3
948900;;;VEV_6500;XIRECS;0.0;3
949500;;;VELVETFRUIT_EXTRACT;XIRECS;5246.0;6
949600;;;HYDROGEL_PACK;XIRECS;10015.0;4
950000;;;VEV_5300;XIRECS;44.0;4
950000;;;VEV_5400;XIRECS;15.0;4
950000;;;VEV_6000;XIRECS;0.0;4
950000;;;VEV_6500;XIRECS;0.0;4
950300;;;HYDROGEL_PACK;XIRECS;9998.0;3
950600;;;HYDROGEL_PACK;XIRECS;10021.0;4
951600;;;VELVETFRUIT_EXTRACT;XIRECS;5236.0;5
951800;;;HYDROGEL_PACK;XIRECS;10005.0;5
952000;;;VELVETFRUIT_EXTRACT;XIRECS;5242.0;7
952800;;;VEV_4000;XIRECS;1230.0;1
954600;;;VELVETFRUIT_EXTRACT;XIRECS;5235.0;3
955100;;;VELVETFRUIT_EXTRACT;XIRECS;5226.0;8
957000;;;HYDROGEL_PACK;XIRECS;10014.0;3
958900;;;VELVETFRUIT_EXTRACT;XIRECS;5228.0;7
960600;;;VELVETFRUIT_EXTRACT;XIRECS;5231.0;5
961200;;;VELVETFRUIT_EXTRACT;XIRECS;5230.0;8
963500;;;VELVETFRUIT_EXTRACT;XIRECS;5236.0;3
965600;;;VELVETFRUIT_EXTRACT;XIRECS;5238.0;8
968200;;;VELVETFRUIT_EXTRACT;XIRECS;5232.0;6
969800;;;VELVETFRUIT_EXTRACT;XIRECS;5232.0;8
971300;;;VELVETFRUIT_EXTRACT;XIRECS;5229.0;3
971600;;;VELVETFRUIT_EXTRACT;XIRECS;5225.0;7
973400;;;HYDROGEL_PACK;XIRECS;10033.0;4
975800;;;HYDROGEL_PACK;XIRECS;10027.0;5
976600;;;VELVETFRUIT_EXTRACT;XIRECS;5231.0;7
976800;;;HYDROGEL_PACK;XIRECS;10023.0;6
977200;;;HYDROGEL_PACK;XIRECS;10021.0;5
978300;;;VELVETFRUIT_EXTRACT;XIRECS;5241.0;5
980400;;;HYDROGEL_PACK;XIRECS;9996.0;2
980400;;;VELVETFRUIT_EXTRACT;XIRECS;5239.0;8
983900;;;VEV_4000;XIRECS;1253.0;3
984900;;;VELVETFRUIT_EXTRACT;XIRECS;5239.0;4
985800;;;VELVETFRUIT_EXTRACT;XIRECS;5239.0;5
986900;;;VELVETFRUIT_EXTRACT;XIRECS;5250.0;8
989200;;;VELVETFRUIT_EXTRACT;XIRECS;5247.0;8
989700;;;VEV_4000;XIRECS;1234.0;2
989900;;;VELVETFRUIT_EXTRACT;XIRECS;5241.0;4
990100;;;VEV_4000;XIRECS;1254.0;2
990400;;;HYDROGEL_PACK;XIRECS;9988.0;4
991100;;;VELVETFRUIT_EXTRACT;XIRECS;5244.0;13
994300;;;VEV_5300;XIRECS;46.0;3
994300;;;VEV_5400;XIRECS;16.0;3
994300;;;VEV_5500;XIRECS;7.0;3
994300;;;VEV_6000;XIRECS;0.0;3
994300;;;VEV_6500;XIRECS;0.0;3
997000;;;HYDROGEL_PACK;XIRECS;9977.0;5
997200;;;VEV_4000;XIRECS;1255.0;3
997900;;;VEV_4000;XIRECS;1255.0;2
999000;;;VEV_4000;XIRECS;1253.0;1
999900;;;HYDROGEL_PACK;XIRECS;9966.0;5
