timestamp;buyer;seller;symbol;currency;price;quantity
900;;;VELVETFRUIT_EXTRACT;XIRECS;5262.0;8
1300;;;VEV_4000;XIRECS;1251.0;3
2700;;;VELVETFRUIT_EXTRACT;XIRECS;5269.0;8
2900;;;VELVETFRUIT_EXTRACT;XIRECS;5272.0;8
4800;;;VELVETFRUIT_EXTRACT;XIRECS;5273.0;3
5700;;;VELVETFRUIT_EXTRACT;XIRECS;5273.0;5
9000;;;VEV_4000;XIRECS;1278.0;1
9900;;;VELVETFRUIT_EXTRACT;XIRECS;5261.0;5
10200;;;HYDROGEL_PACK;XIRECS;10017.0;6
10700;;;VELVETFRUIT_EXTRACT;XIRECS;5265.0;4
11200;;;HYDROGEL_PACK;XIRECS;10030.0;4
12100;;;VELVETFRUIT_EXTRACT;XIRECS;5268.0;5
12600;;;VELVETFRUIT_EXTRACT;XIRECS;5264.0;3
13100;;;VEV_5400;XIRECS;16.0;3
13100;;;VEV_5500;XIRECS;6.0;3
13100;;;VEV_6000;XIRECS;0.0;3
13100;;;VEV_6500;XIRECS;0.0;3
13900;;;VELVETFRUIT_EXTRACT;XIRECS;5269.0;4
15700;;;HYDROGEL_PACK;XIRECS;10035.0;2
16300;;;VELVETFRUIT_EXTRACT;XIRECS;5275.0;5
17400;;;VELVETFRUIT_EXTRACT;XIRECS;5274.0;3
19100;;;HYDROGEL_PACK;XIRECS;10020.0;6
20900;;;VEV_5300;XIRECS;53.0;5
20900;;;VEV_5400;XIRECS;17.0;5
20900;;;VEV_5500;XIRECS;7.0;5
20900;;;VEV_6000;XIRECS;0.0;5
20900;;;VEV_6500;XIRECS;0.0;5
23100;;;VELVETFRUIT_EXTRACT;XIRECS;5264.0;4
23500;;;VEV_5400;XIRECS;16.0;2
23500;;;VEV_5500;XIRECS;6.0;2
23500;;;VEV_6000;XIRECS;0.0;2
23500;;;VEV_6500;XIRECS;0.0;2
25500;;;VELVETFRUIT_EXTRACT;XIRECS;5264.0;6
26500;;;VELVETFRUIT_EXTRACT;XIRECS;5269.0;6
29200;;;HYDROGEL_PACK;XIRECS;9993.0;4
29500;;;VEV_5400;XIRECS;16.0;2
29500;;;VEV_5500;XIRECS;6.0;2
29500;;;VEV_6000;XIRECS;0.0;2
29500;;;VEV_6500;XIRECS;0.0;2
32500;;;VELVETFRUIT_EXTRACT;XIRECS;5266.0;4
33300;;;VELVETFRUIT_EXTRACT;XIRECS;5271.0;7
34100;;;VEV_4000;XIRECS;1282.0;1
35700;;;VELVETFRUIT_EXTRACT;XIRECS;5270.0;3
35800;;;VELVETFRUIT_EXTRACT;XIRECS;5264.0;7
36100;;;VELVETFRUIT_EXTRACT;XIRECS;5271.0;4
38400;;;VELVETFRUIT_EXTRACT;XIRECS;5265.0;8
39500;;;VEV_4000;XIRECS;1254.0;2
41100;;;HYDROGEL_PACK;XIRECS;9998.0;6
41700;;;VELVETFRUIT_EXTRACT;XIRECS;5254.0;5
41900;;;VEV_5400;XIRECS;13.0;2
41900;;;VEV_5500;XIRECS;5.0;2
41900;;;VEV_6000;XIRECS;0.0;2
41900;;;VEV_6500;XIRECS;0.0;2
42000;;;VELVETFRUIT_EXTRACT;XIRECS;5247.0;8
42900;;;VEV_5400;XIRECS;14.0;4
42900;;;VEV_5500;XIRECS;5.0;4
42900;;;VEV_6000;XIRECS;0.0;4
42900;;;VEV_6500;XIRECS;0.0;4
43000;;;VELVETFRUIT_EXTRACT;XIRECS;5250.0;8
44000;;;HYDROGEL_PACK;XIRECS;9978.0;4
44700;;;VELVETFRUIT_EXTRACT;XIRECS;5255.0;8
44900;;;VELVETFRUIT_EXTRACT;XIRECS;5257.0;14
45100;;;HYDROGEL_PACK;XIRECS;9991.0;3
45100;;;VEV_5400;XIRECS;15.0;5
45100;;;VEV_5500;XIRECS;5.0;5
45100;;;VEV_6000;XIRECS;0.0;5
45100;;;VEV_6500;XIRECS;0.0;5
46800;;;VELVETFRUIT_EXTRACT;XIRECS;5256.0;8
48100;;;VELVETFRUIT_EXTRACT;XIRECS;5261.0;7
48400;;;VELVETFRUIT_EXTRACT;XIRECS;5258.0;5
49400;;;HYDROGEL_PACK;XIRECS;9958.0;4
49800;;;HYDROGEL_PACK;XIRECS;9960.0;3
50200;;;VEV_4000;XIRECS;1249.0;3
52600;;;VELVETFRUIT_EXTRACT;XIRECS;5263.0;8
52900;;;VEV_5500;XIRECS;6.0;5
52900;;;VEV_6000;XIRECS;0.0;5
52900;;;VEV_6500;XIRECS;0.0;5
53200;;;VELVETFRUIT_EXTRACT;XIRECS;5264.0;5
53600;;;VELVETFRUIT_EXTRACT;XIRECS;5257.0;5
58300;;;HYDROGEL_PACK;XIRECS;9963.0;6
59200;;;VELVETFRUIT_EXTRACT;XIRECS;5244.0;8
60700;;;HYDROGEL_PACK;XIRECS;9973.0;5
63800;;;VEV_4000;XIRECS;1262.0;3
64300;;;VELVETFRUIT_EXTRACT;XIRECS;5249.0;3
67600;;;VELVETFRUIT_EXTRACT;XIRECS;5262.0;4
70000;;;VELVETFRUIT_EXTRACT;XIRECS;5255.0;6
70400;;;VELVETFRUIT_EXTRACT;XIRECS;5260.0;5
70900;;;HYDROGEL_PACK;XIRECS;9994.0;2
71500;;;VELVETFRUIT_EXTRACT;XIRECS;5251.0;4
71800;;;HYDROGEL_PACK;XIRECS;9975.0;5
72700;;;HYDROGEL_PACK;XIRECS;9988.0;3
73100;;;VELVETFRUIT_EXTRACT;XIRECS;5256.0;7
73200;;;VELVETFRUIT_EXTRACT;XIRECS;5254.0;5
75200;;;VEV_5300;XIRECS;46.0;4
75200;;;VEV_5400;XIRECS;14.0;4
75200;;;VEV_5500;XIRECS;5.0;4
75200;;;VEV_6000;XIRECS;0.0;4
75200;;;VEV_6500;XIRECS;0.0;4
76700;;;VELVETFRUIT_EXTRACT;XIRECS;5258.0;4
78700;;;HYDROGEL_PACK;XIRECS;9939.0;3
79300;;;VEV_5300;XIRECS;47.0;5
79300;;;VEV_5400;XIRECS;14.0;5
79300;;;VEV_5500;XIRECS;5.0;5
79300;;;VEV_6000;XIRECS;0.0;5
79300;;;VEV_6500;XIRECS;0.0;5
80800;;;VEV_4000;XIRECS;1274.0;1
82100;;;VELVETFRUIT_EXTRACT;XIRECS;5270.0;5
83000;;;VELVETFRUIT_EXTRACT;XIRECS;5271.0;6
84100;;;VELVETFRUIT_EXTRACT;XIRECS;5272.0;8
84400;;;VELVETFRUIT_EXTRACT;XIRECS;5273.0;5
84800;;;VELVETFRUIT_EXTRACT;XIRECS;5276.0;5
85500;;;HYDROGEL_PACK;XIRECS;9954.0;2
85500;;;VELVETFRUIT_EXTRACT;XIRECS;5273.0;8
90100;;;HYDROGEL_PACK;XIRECS;9931.0;3
91700;;;HYDROGEL_PACK;XIRECS;9929.0;2
91700;;;VELVETFRUIT_EXTRACT;XIRECS;5264.0;8
92600;;;VELVETFRUIT_EXTRACT;XIRECS;5271.0;4
95100;;;VELVETFRUIT_EXTRACT;XIRECS;5262.0;8
97200;;;VELVETFRUIT_EXTRACT;XIRECS;5265.0;7
97400;;;VELVETFRUIT_EXTRACT;XIRECS;5258.0;5
97600;;;HYDROGEL_PACK;XIRECS;9937.0;2
98600;;;VEV_4000;XIRECS;1255.0;1
101800;;;HYDROGEL_PACK;XIRECS;9984.0;3
102400;;;HYDROGEL_PACK;XIRECS;9984.0;3
102600;;;VEV_5400;XIRECS;16.0;2
102600;;;VEV_5500;XIRECS;6.0;2
102600;;;VEV_6000;XIRECS;0.0;2
102600;;;VEV_6500;XIRECS;0.0;2
103300;;;VEV_4000;XIRECS;1254.0;1
103500;;;VELVETFRUIT_EXTRACT;XIRECS;5263.0;8
103700;;;VEV_4000;XIRECS;1254.0;3
104500;;;HYDROGEL_PACK;XIRECS;9984.0;2
105500;;;VEV_5300;XIRECS;47.0;5
105500;;;VEV_5500;XIRECS;5.0;5
105500;;;VEV_6000;XIRECS;0.0;5
105500;;;VEV_6500;XIRECS;0.0;5
106300;;;VELVETFRUIT_EXTRACT;XIRECS;5262.0;7
108800;;;VELVETFRUIT_EXTRACT;XIRECS;5263.0;3
109100;;;VEV_4000;XIRECS;1254.0;1
109400;;;VELVETFRUIT_EXTRACT;XIRECS;5266.0;6
109600;;;HYDROGEL_PACK;XIRECS;9990.0;6
109800;;;VELVETFRUIT_EXTRACT;XIRECS;5267.0;3
110500;;;VELVETFRUIT_EXTRACT;XIRECS;5262.0;8
111300;;;VELVETFRUIT_EXTRACT;XIRECS;5263.0;7
111900;;;VEV_4000;XIRECS;1252.0;2
112600;;;VELVETFRUIT_EXTRACT;XIRECS;5257.0;10
114500;;;HYDROGEL_PACK;XIRECS;9994.0;5
114700;;;VEV_4000;XIRECS;1269.0;2
116800;;;VEV_4000;XIRECS;1268.0;2
118100;;;VELVETFRUIT_EXTRACT;XIRECS;5260.0;3
122900;;;VELVETFRUIT_EXTRACT;XIRECS;5258.0;8
124900;;;HYDROGEL_PACK;XIRECS;10022.0;3
126800;;;HYDROGEL_PACK;XIRECS;10015.0;2
129300;;;VELVETFRUIT_EXTRACT;XIRECS;5255.0;8
129300;;;VELVETFRUIT_EXTRACT;XIRECS;5255.0;5
129400;;;HYDROGEL_PACK;XIRECS;10009.0;4
129600;;;VELVETFRUIT_EXTRACT;XIRECS;5255.0;6
129700;;;VEV_5300;XIRECS;46.0;4
129700;;;VEV_5400;XIRECS;14.0;4
129700;;;VEV_5500;XIRECS;5.0;4
129700;;;VEV_6000;XIRECS;0.0;4
129700;;;VEV_6500;XIRECS;0.0;4
130100;;;VELVETFRUIT_EXTRACT;XIRECS;5256.0;5
130300;;;VELVETFRUIT_EXTRACT;XIRECS;5252.0;6
133000;;;VELVETFRUIT_EXTRACT;XIRECS;5260.0;7
134300;;;VELVETFRUIT_EXTRACT;XIRECS;5255.0;9
135500;;;VELVETFRUIT_EXTRACT;XIRECS;5259.0;7
137000;;;HYDROGEL_PACK;XIRECS;10007.0;3
138700;;;VELVETFRUIT_EXTRACT;XIRECS;5262.0;3
140500;;;VELVETFRUIT_EXTRACT;XIRECS;5257.0;6
140900;;;VEV_4000;XIRECS;1246.0;1
142300;;;VELVETFRUIT_EXTRACT;XIRECS;5259.0;6
143100;;;VELVETFRUIT_EXTRACT;XIRECS;5261.0;7
143800;;;HYDROGEL_PACK;XIRECS;9996.0;5
144300;;;VELVETFRUIT_EXTRACT;XIRECS;5266.0;6
144400;;;VEV_4000;XIRECS;1253.0;1
145100;;;HYDROGEL_PACK;XIRECS;10012.0;5
145400;;;HYDROGEL_PACK;XIRECS;9995.0;2
145800;;;VEV_4000;XIRECS;1257.0;1
147200;;;VELVETFRUIT_EXTRACT;XIRECS;5259.0;8
149900;;;HYDROGEL_PACK;XIRECS;10007.0;3
150400;;;VEV_4000;XIRECS;1278.0;1
150600;;;HYDROGEL_PACK;XIRECS;10028.0;4
151400;;;HYDROGEL_PACK;XIRECS;10014.0;3
151600;;;HYDROGEL_PACK;XIRECS;10014.0;6
153100;;;VEV_4000;XIRECS;1284.0;3
153200;;;HYDROGEL_PACK;XIRECS;10008.0;5
154300;;;VELVETFRUIT_EXTRACT;XIRECS;5275.0;6
155100;;;VELVETFRUIT_EXTRACT;XIRECS;5277.0;8
155300;;;VELVETFRUIT_EXTRACT;XIRECS;5277.0;3
155700;;;VELVETFRUIT_EXTRACT;XIRECS;5277.0;4
155800;;;VELVETFRUIT_EXTRACT;XIRECS;5274.0;7
155900;;;VEV_4000;XIRECS;1285.0;2
156200;;;VELVETFRUIT_EXTRACT;XIRECS;5275.0;14
157000;;;HYDROGEL_PACK;XIRECS;10024.0;4
157400;;;VELVETFRUIT_EXTRACT;XIRECS;5272.0;13
161100;;;HYDROGEL_PACK;XIRECS;10028.0;4
164100;;;VELVETFRUIT_EXTRACT;XIRECS;5282.0;5
164200;;;VELVETFRUIT_EXTRACT;XIRECS;5278.0;7
164600;;;HYDROGEL_PACK;XIRECS;10023.0;6
165700;;;VELVETFRUIT_EXTRACT;XIRECS;5273.0;10
166700;;;VEV_4000;XIRECS;1283.0;3
169000;;;HYDROGEL_PACK;XIRECS;10028.0;2
169000;;;VEV_5300;XIRECS;52.0;3
169000;;;VEV_5400;XIRECS;16.0;3
169000;;;VEV_5500;XIRECS;6.0;3
169000;;;VEV_6000;XIRECS;0.0;3
169000;;;VEV_6500;XIRECS;0.0;3
169200;;;HYDROGEL_PACK;XIRECS;10025.0;5
169200;;;VEV_4000;XIRECS;1261.0;3
169900;;;VELVETFRUIT_EXTRACT;XIRECS;5267.0;3
170100;;;HYDROGEL_PACK;XIRECS;10020.0;4
170500;;;VELVETFRUIT_EXTRACT;XIRECS;5272.0;7
171500;;;VELVETFRUIT_EXTRACT;XIRECS;5271.0;7
171800;;;VEV_5400;XIRECS;17.0;5
171800;;;VEV_5500;XIRECS;7.0;5
171800;;;VEV_6000;XIRECS;0.0;5
171800;;;VEV_6500;XIRECS;0.0;5
172600;;;VELVETFRUIT_EXTRACT;XIRECS;5276.0;8
174000;;;VELVETFRUIT_EXTRACT;XIRECS;5278.0;6
175000;;;VELVETFRUIT_EXTRACT;XIRECS;5279.0;4
177100;;;HYDROGEL_PACK;XIRECS;10011.0;3
178100;;;HYDROGEL_PACK;XIRECS;10007.0;3
178200;;;VELVETFRUIT_EXTRACT;XIRECS;5272.0;3
179100;;;VELVETFRUIT_EXTRACT;XIRECS;5275.0;8
181600;;;HYDROGEL_PACK;XIRECS;9996.0;5
185500;;;VELVETFRUIT_EXTRACT;XIRECS;5262.0;5
188200;;;VELVETFRUIT_EXTRACT;XIRECS;5255.0;3
189100;;;VEV_5300;XIRECS;47.0;4
189100;;;VEV_5400;XIRECS;14.0;4
189100;;;VEV_5500;XIRECS;6.0;4
189100;;;VEV_6000;XIRECS;0.0;4
189100;;;VEV_6500;XIRECS;0.0;4
189700;;;VELVETFRUIT_EXTRACT;XIRECS;5257.0;6
190900;;;VEV_4000;XIRECS;1270.0;1
192700;;;VEV_4000;XIRECS;1253.0;2
193400;;;HYDROGEL_PACK;XIRECS;9993.0;4
194700;;;VELVETFRUIT_EXTRACT;XIRECS;5262.0;10
194900;;;VELVETFRUIT_EXTRACT;XIRECS;5257.0;6
195200;;;VEV_4000;XIRECS;1270.0;2
195500;;;VELVETFRUIT_EXTRACT;XIRECS;5264.0;6
195600;;;HYDROGEL_PACK;XIRECS;9972.0;5
196700;;;VELVETFRUIT_EXTRACT;XIRECS;5261.0;6
196800;;;VEV_4000;XIRECS;1253.0;2
199400;;;VELVETFRUIT_EXTRACT;XIRECS;5262.0;8
200400;;;VEV_4000;XIRECS;1252.0;1
201300;;;VELVETFRUIT_EXTRACT;XIRECS;5259.0;6
201500;;;VEV_4000;XIRECS;1248.0;1
202300;;;VEV_4000;XIRECS;1249.0;1
203500;;;VELVETFRUIT_EXTRACT;XIRECS;5263.0;4
204400;;;VEV_5300;XIRECS;47.0;5
204400;;;VEV_5400;XIRECS;14.0;5
204400;;;VEV_5500;XIRECS;6.0;5
204400;;;VEV_6000;XIRECS;0.0;5
204400;;;VEV_6500;XIRECS;0.0;5
205000;;;VELVETFRUIT_EXTRACT;XIRECS;5263.0;5
206000;;;VELVETFRUIT_EXTRACT;XIRECS;5268.0;6
206200;;;HYDROGEL_PACK;XIRECS;9992.0;3
206600;;;HYDROGEL_PACK;XIRECS;9976.0;3
206700;;;HYDROGEL_PACK;XIRECS;9981.0;5
207000;;;VELVETFRUIT_EXTRACT;XIRECS;5268.0;15
209400;;;VELVETFRUIT_EXTRACT;XIRECS;5265.0;4
211400;;;VELVETFRUIT_EXTRACT;XIRECS;5264.0;7
212100;;;VELVETFRUIT_EXTRACT;XIRECS;5271.0;4
212100;;;VEV_4000;XIRECS;1257.0;2
212200;;;VELVETFRUIT_EXTRACT;XIRECS;5267.0;5
212900;;;VELVETFRUIT_EXTRACT;XIRECS;5266.0;5
217200;;;VELVETFRUIT_EXTRACT;XIRECS;5262.0;4
217800;;;VELVETFRUIT_EXTRACT;XIRECS;5260.0;6
219200;;;HYDROGEL_PACK;XIRECS;9954.0;4
220600;;;VELVETFRUIT_EXTRACT;XIRECS;5260.0;4
220800;;;VELVETFRUIT_EXTRACT;XIRECS;5265.0;6
221200;;;HYDROGEL_PACK;XIRECS;9963.0;6
224300;;;HYDROGEL_PACK;XIRECS;9942.0;4
225500;;;VEV_5300;XIRECS;50.0;5
225500;;;VEV_5400;XIRECS;16.0;5
225500;;;VEV_5500;XIRECS;6.0;5
225500;;;VEV_6000;XIRECS;0.0;5
225500;;;VEV_6500;XIRECS;0.0;5
229400;;;VELVETFRUIT_EXTRACT;XIRECS;5260.0;7
231600;;;VELVETFRUIT_EXTRACT;XIRECS;5262.0;5
231900;;;VEV_4000;XIRECS;1275.0;2
232000;;;VELVETFRUIT_EXTRACT;XIRECS;5267.0;8
233000;;;HYDROGEL_PACK;XIRECS;9927.0;3
235700;;;HYDROGEL_PACK;XIRECS;9906.0;6
237400;;;VELVETFRUIT_EXTRACT;XIRECS;5273.0;6
237600;;;VELVETFRUIT_EXTRACT;XIRECS;5271.0;8
237700;;;VELVETFRUIT_EXTRACT;XIRECS;5273.0;8
238900;;;HYDROGEL_PACK;XIRECS;9910.0;4
239300;;;HYDROGEL_PACK;XIRECS;9909.0;2
239400;;;HYDROGEL_PACK;XIRECS;9910.0;4
239400;;;VEV_5400;XIRECS;15.0;2
239400;;;VEV_5500;XIRECS;6.0;2
239400;;;VEV_6000;XIRECS;0.0;2
239400;;;VEV_6500;XIRECS;0.0;2
239800;;;HYDROGEL_PACK;XIRECS;9925.0;5
242100;;;VELVETFRUIT_EXTRACT;XIRECS;5276.0;8
243500;;;VELVETFRUIT_EXTRACT;XIRECS;5274.0;4
243800;;;HYDROGEL_PACK;XIRECS;9919.0;4
244900;;;VELVETFRUIT_EXTRACT;XIRECS;5276.0;4
249400;;;VEV_4000;XIRECS;1286.0;3
249800;;;VEV_4000;XIRECS;1267.0;2
253000;;;VEV_5400;XIRECS;16.0;3
253000;;;VEV_5500;XIRECS;6.0;3
253000;;;VEV_6000;XIRECS;0.0;3
253000;;;VEV_6500;XIRECS;0.0;3
254300;;;HYDROGEL_PACK;XIRECS;9951.0;2
256200;;;HYDROGEL_PACK;XIRECS;9927.0;5
258000;;;VELVETFRUIT_EXTRACT;XIRECS;5271.0;15
258900;;;HYDROGEL_PACK;XIRECS;9928.0;2
259500;;;VELVETFRUIT_EXTRACT;XIRECS;5273.0;4
263900;;;VELVETFRUIT_EXTRACT;XIRECS;5281.0;4
264200;;;HYDROGEL_PACK;XIRECS;9927.0;6
264700;;;HYDROGEL_PACK;XIRECS;9907.0;2
265100;;;VELVETFRUIT_EXTRACT;XIRECS;5285.0;6
265200;;;HYDROGEL_PACK;XIRECS;9909.0;5
265500;;;VELVETFRUIT_EXTRACT;XIRECS;5285.0;6
266800;;;VEV_4000;XIRECS;1275.0;1
267000;;;VELVETFRUIT_EXTRACT;XIRECS;5289.0;6
267400;;;VELVETFRUIT_EXTRACT;XIRECS;5283.0;4
267900;;;HYDROGEL_PACK;XIRECS;9926.0;6
268200;;;VELVETFRUIT_EXTRACT;XIRECS;5280.0;7
268600;;;VELVETFRUIT_EXTRACT;XIRECS;5281.0;5
268900;;;VEV_5400;XIRECS;19.0;4
268900;;;VEV_5500;XIRECS;8.0;4
268900;;;VEV_6000;XIRECS;0.0;4
268900;;;VEV_6500;XIRECS;0.0;4
269700;;;VEV_4000;XIRECS;1288.0;1
270500;;;VEV_4000;XIRECS;1291.0;1
271100;;;VELVETFRUIT_EXTRACT;XIRECS;5276.0;3
272000;;;VEV_5500;XIRECS;8.0;3
272000;;;VEV_6000;XIRECS;0.0;3
272000;;;VEV_6500;XIRECS;0.0;3
272700;;;VELVETFRUIT_EXTRACT;XIRECS;5277.0;3
272900;;;HYDROGEL_PACK;XIRECS;9924.0;5
272900;;;VEV_4000;XIRECS;1290.0;3
273400;;;HYDROGEL_PACK;XIRECS;9922.0;3
273500;;;HYDROGEL_PACK;XIRECS;9921.0;6
274100;;;VELVETFRUIT_EXTRACT;XIRECS;5279.0;6
274300;;;VELVETFRUIT_EXTRACT;XIRECS;5280.0;8
274400;;;HYDROGEL_PACK;XIRECS;9907.0;3
274600;;;VELVETFRUIT_EXTRACT;XIRECS;5274.0;3
275200;;;VEV_5400;XIRECS;18.0;5
275200;;;VEV_5500;XIRECS;7.0;5
275200;;;VEV_6000;XIRECS;0.0;5
275200;;;VEV_6500;XIRECS;0.0;5
275800;;;HYDROGEL_PACK;XIRECS;9912.0;6
277000;;;HYDROGEL_PACK;XIRECS;9911.0;6
277300;;;HYDROGEL_PACK;XIRECS;9910.0;3
277900;;;VEV_4000;XIRECS;1259.0;3
278700;;;VELVETFRUIT_EXTRACT;XIRECS;5274.0;6
278800;;;HYDROGEL_PACK;XIRECS;9890.0;2
278800;;;VELVETFRUIT_EXTRACT;XIRECS;5276.0;4
279900;;;HYDROGEL_PACK;XIRECS;9890.0;6
280700;;;VELVETFRUIT_EXTRACT;XIRECS;5268.0;6
281100;;;VEV_4000;XIRECS;1278.0;1
282200;;;HYDROGEL_PACK;XIRECS;9891.0;4
282600;;;VELVETFRUIT_EXTRACT;XIRECS;5269.0;10
282600;;;VELVETFRUIT_EXTRACT;XIRECS;5272.0;6
283300;;;VELVETFRUIT_EXTRACT;XIRECS;5270.0;5
283700;;;HYDROGEL_PACK;XIRECS;9922.0;5
284300;;;HYDROGEL_PACK;XIRECS;9923.0;6
285600;;;VELVETFRUIT_EXTRACT;XIRECS;5278.0;4
285800;;;VELVETFRUIT_EXTRACT;XIRECS;5276.0;6
286100;;;VELVETFRUIT_EXTRACT;XIRECS;5278.0;5
286900;;;VEV_4000;XIRECS;1266.0;3
287100;;;VEV_5400;XIRECS;18.0;2
287100;;;VEV_5500;XIRECS;7.0;2
287100;;;VEV_6000;XIRECS;0.0;2
287100;;;VEV_6500;XIRECS;0.0;2
287600;;;VEV_5400;XIRECS;18.0;2
287600;;;VEV_5500;XIRECS;7.0;2
287600;;;VEV_6000;XIRECS;0.0;2
287600;;;VEV_6500;XIRECS;0.0;2
288000;;;HYDROGEL_PACK;XIRECS;9936.0;5
288000;;;VELVETFRUIT_EXTRACT;XIRECS;5274.0;8
289300;;;VEV_5300;XIRECS;52.0;2
289300;;;VEV_5400;XIRECS;17.0;2
289300;;;VEV_5500;XIRECS;7.0;2
289300;;;VEV_6000;XIRECS;0.0;2
289300;;;VEV_6500;XIRECS;0.0;2
291000;;;HYDROGEL_PACK;XIRECS;9905.0;3
291800;;;VELVETFRUIT_EXTRACT;XIRECS;5267.0;4
292800;;;HYDROGEL_PACK;XIRECS;9921.0;6
293100;;;VELVETFRUIT_EXTRACT;XIRECS;5274.0;5
293400;;;VELVETFRUIT_EXTRACT;XIRECS;5273.0;5
293600;;;VEV_4000;XIRECS;1260.0;2
293700;;;VELVETFRUIT_EXTRACT;XIRECS;5267.0;8
294600;;;VEV_5400;XIRECS;16.0;2
294600;;;VEV_5500;XIRECS;7.0;2
294600;;;VEV_6000;XIRECS;0.0;2
294600;;;VEV_6500;XIRECS;0.0;2
296800;;;VELVETFRUIT_EXTRACT;XIRECS;5268.0;8
299100;;;HYDROGEL_PACK;XIRECS;9963.0;3
300800;;;HYDROGEL_PACK;XIRECS;9946.0;4
301000;;;VELVETFRUIT_EXTRACT;XIRECS;5267.0;8
301700;;;VEV_4000;XIRECS;1256.0;2
303100;;;VEV_4000;XIRECS;1256.0;1
303800;;;HYDROGEL_PACK;XIRECS;9935.0;2
305600;;;VELVETFRUIT_EXTRACT;XIRECS;5267.0;3
305700;;;HYDROGEL_PACK;XIRECS;9951.0;6
306000;;;VELVETFRUIT_EXTRACT;XIRECS;5274.0;5
306100;;;HYDROGEL_PACK;XIRECS;9952.0;5
307600;;;VEV_4000;XIRECS;1281.0;2
307900;;;VELVETFRUIT_EXTRACT;XIRECS;5268.0;8
308400;;;VELVETFRUIT_EXTRACT;XIRECS;5270.0;3
310100;;;HYDROGEL_PACK;XIRECS;9942.0;4
311200;;;VELVETFRUIT_EXTRACT;XIRECS;5265.0;8
311700;;;VELVETFRUIT_EXTRACT;XIRECS;5273.0;6
311800;;;HYDROGEL_PACK;XIRECS;9945.0;2
314800;;;HYDROGEL_PACK;XIRECS;9953.0;3
315400;;;HYDROGEL_PACK;XIRECS;9956.0;4
316700;;;VEV_5400;XIRECS;17.0;3
316700;;;VEV_5500;XIRECS;7.0;3
316700;;;VEV_6000;XIRECS;0.0;3
316700;;;VEV_6500;XIRECS;0.0;3
316800;;;VELVETFRUIT_EXTRACT;XIRECS;5275.0;7
316900;;;HYDROGEL_PACK;XIRECS;9954.0;2
317500;;;VEV_5400;XIRECS;17.0;3
317500;;;VEV_5500;XIRECS;7.0;3
317500;;;VEV_6000;XIRECS;0.0;3
317500;;;VEV_6500;XIRECS;0.0;3
318100;;;VEV_4000;XIRECS;1284.0;1
320800;;;VEV_5300;XIRECS;52.0;5
320800;;;VEV_5400;XIRECS;17.0;5
320800;;;VEV_5500;XIRECS;7.0;5
320800;;;VEV_6000;XIRECS;0.0;5
320800;;;VEV_6500;XIRECS;0.0;5
321600;;;VEV_5300;XIRECS;50.0;4
321600;;;VEV_5400;XIRECS;16.0;4
321600;;;VEV_5500;XIRECS;7.0;4
321600;;;VEV_6000;XIRECS;0.0;4
321600;;;VEV_6500;XIRECS;0.0;4
322300;;;VEV_4000;XIRECS;1282.0;2
323200;;;VELVETFRUIT_EXTRACT;XIRECS;5276.0;5
323500;;;VELVETFRUIT_EXTRACT;XIRECS;5269.0;14
327600;;;VELVETFRUIT_EXTRACT;XIRECS;5266.0;5
328500;;;VELVETFRUIT_EXTRACT;XIRECS;5269.0;7
328700;;;VELVETFRUIT_EXTRACT;XIRECS;5268.0;5
328700;;;VEV_4000;XIRECS;1255.0;3
328900;;;HYDROGEL_PACK;XIRECS;9958.0;2
330400;;;VELVETFRUIT_EXTRACT;XIRECS;5261.0;8
332600;;;VELVETFRUIT_EXTRACT;XIRECS;5274.0;8
332800;;;HYDROGEL_PACK;XIRECS;9947.0;3
333200;;;VELVETFRUIT_EXTRACT;XIRECS;5269.0;7
333900;;;VELVETFRUIT_EXTRACT;XIRECS;5273.0;7
335400;;;VELVETFRUIT_EXTRACT;XIRECS;5271.0;6
336800;;;VELVETFRUIT_EXTRACT;XIRECS;5268.0;5
337000;;;VELVETFRUIT_EXTRACT;XIRECS;5271.0;6
338400;;;HYDROGEL_PACK;XIRECS;9948.0;4
340200;;;HYDROGEL_PACK;XIRECS;9951.0;2
340500;;;VEV_4000;XIRECS;1257.0;3
341400;;;VEV_5400;XIRECS;16.0;4
341400;;;VEV_5500;XIRECS;7.0;4
341400;;;VEV_6000;XIRECS;0.0;4
341400;;;VEV_6500;XIRECS;0.0;4
342300;;;HYDROGEL_PACK;XIRECS;9966.0;2
344000;;;VELVETFRUIT_EXTRACT;XIRECS;5269.0;3
344100;;;HYDROGEL_PACK;XIRECS;9942.0;3
344500;;;HYDROGEL_PACK;XIRECS;9942.0;3
344600;;;HYDROGEL_PACK;XIRECS;9958.0;6
344600;;;VELVETFRUIT_EXTRACT;XIRECS;5265.0;7
344900;;;VELVETFRUIT_EXTRACT;XIRECS;5265.0;6
346100;;;HYDROGEL_PACK;XIRECS;9947.0;2
347400;;;HYDROGEL_PACK;XIRECS;9947.0;4
347800;;;VEV_5400;XIRECS;15.0;4
347800;;;VEV_5500;XIRECS;6.0;4
347800;;;VEV_6000;XIRECS;0.0;4
347800;;;VEV_6500;XIRECS;0.0;4
350600;;;VELVETFRUIT_EXTRACT;XIRECS;5266.0;5
350700;;;VEV_5300;XIRECS;47.0;4
350700;;;VEV_5400;XIRECS;15.0;4
350700;;;VEV_5500;XIRECS;6.0;4
350700;;;VEV_6000;XIRECS;0.0;4
350700;;;VEV_6500;XIRECS;0.0;4
351400;;;HYDROGEL_PACK;XIRECS;9937.0;6
352100;;;VELVETFRUIT_EXTRACT;XIRECS;5252.0;4
352300;;;VELVETFRUIT_EXTRACT;XIRECS;5257.0;8
353600;;;VELVETFRUIT_EXTRACT;XIRECS;5254.0;7
353800;;;VELVETFRUIT_EXTRACT;XIRECS;5257.0;7
356500;;;VELVETFRUIT_EXTRACT;XIRECS;5263.0;6
358300;;;VELVETFRUIT_EXTRACT;XIRECS;5261.0;7
358400;;;VELVETFRUIT_EXTRACT;XIRECS;5266.0;5
358500;;;VEV_5300;XIRECS;47.0;2
358500;;;VEV_5400;XIRECS;15.0;2
358500;;;VEV_5500;XIRECS;6.0;2
358500;;;VEV_6000;XIRECS;0.0;2
358500;;;VEV_6500;XIRECS;0.0;2
359500;;;HYDROGEL_PACK;XIRECS;9972.0;5
360000;;;VELVETFRUIT_EXTRACT;XIRECS;5267.0;7
361300;;;VELVETFRUIT_EXTRACT;XIRECS;5267.0;3
361600;;;VELVETFRUIT_EXTRACT;XIRECS;5260.0;5
362500;;;VELVETFRUIT_EXTRACT;XIRECS;5260.0;5
362600;;;VEV_5300;XIRECS;47.0;5
362600;;;VEV_5500;XIRECS;6.0;5
362600;;;VEV_6000;XIRECS;0.0;5
362600;;;VEV_6500;XIRECS;0.0;5
363300;;;VEV_4000;XIRECS;1272.0;1
365300;;;HYDROGEL_PACK;XIRECS;9984.0;2
365400;;;VELVETFRUIT_EXTRACT;XIRECS;5257.0;7
365600;;;VEV_5300;XIRECS;45.0;4
365600;;;VEV_5400;XIRECS;14.0;4
365600;;;VEV_5500;XIRECS;5.0;4
365600;;;VEV_6000;XIRECS;0.0;4
365600;;;VEV_6500;XIRECS;0.0;4
366500;;;HYDROGEL_PACK;XIRECS;10001.0;2
368100;;;VELVETFRUIT_EXTRACT;XIRECS;5256.0;6
368200;;;VEV_4000;XIRECS;1270.0;2
370600;;;VEV_4000;XIRECS;1261.0;3
370700;;;VEV_4000;XIRECS;1241.0;2
372300;;;VELVETFRUIT_EXTRACT;XIRECS;5250.0;6
372300;;;VEV_4000;XIRECS;1264.0;2
373100;;;VELVETFRUIT_EXTRACT;XIRECS;5256.0;6
373800;;;VEV_5500;XIRECS;5.0;4
373800;;;VEV_6000;XIRECS;0.0;4
373800;;;VEV_6500;XIRECS;0.0;4
376300;;;VEV_5400;XIRECS;13.0;5
376300;;;VEV_5500;XIRECS;5.0;5
376300;;;VEV_6000;XIRECS;0.0;5
376300;;;VEV_6500;XIRECS;0.0;5
376700;;;VELVETFRUIT_EXTRACT;XIRECS;5250.0;7
378400;;;VELVETFRUIT_EXTRACT;XIRECS;5249.0;10
382200;;;VELVETFRUIT_EXTRACT;XIRECS;5253.0;5
383100;;;VELVETFRUIT_EXTRACT;XIRECS;5254.0;6
384800;;;HYDROGEL_PACK;XIRECS;9978.0;4
385100;;;VELVETFRUIT_EXTRACT;XIRECS;5245.0;9
385500;;;HYDROGEL_PACK;XIRECS;9972.0;5
387500;;;HYDROGEL_PACK;XIRECS;9991.0;3
389000;;;VEV_5300;XIRECS;38.0;2
389000;;;VEV_5400;XIRECS;11.0;2
389000;;;VEV_5500;XIRECS;4.0;2
389000;;;VEV_6000;XIRECS;0.0;2
389000;;;VEV_6500;XIRECS;0.0;2
389600;;;VELVETFRUIT_EXTRACT;XIRECS;5238.0;7
389600;;;VEV_4000;XIRECS;1249.0;3
390200;;;VEV_4000;XIRECS;1229.0;1
390300;;;VEV_5300;XIRECS;38.0;3
390300;;;VEV_5400;XIRECS;11.0;3
390300;;;VEV_5500;XIRECS;4.0;3
390300;;;VEV_6000;XIRECS;0.0;3
390300;;;VEV_6500;XIRECS;0.0;3
391600;;;HYDROGEL_PACK;XIRECS;9970.0;2
391700;;;HYDROGEL_PACK;XIRECS;9988.0;2
392400;;;HYDROGEL_PACK;XIRECS;9990.0;5
394100;;;HYDROGEL_PACK;XIRECS;9975.0;6
394300;;;HYDROGEL_PACK;XIRECS;9970.0;5
397300;;;VEV_4000;XIRECS;1226.0;2
398200;;;VEV_5400;XIRECS;10.0;2
398200;;;VEV_5500;XIRECS;4.0;2
398200;;;VEV_6000;XIRECS;0.0;2
398200;;;VEV_6500;XIRECS;0.0;2
401000;;;VELVETFRUIT_EXTRACT;XIRECS;5230.0;8
401200;;;HYDROGEL_PACK;XIRECS;9966.0;5
401500;;;VELVETFRUIT_EXTRACT;XIRECS;5233.0;7
406100;;;VELVETFRUIT_EXTRACT;XIRECS;5231.0;4
406300;;;VEV_4000;XIRECS;1220.0;2
407000;;;VELVETFRUIT_EXTRACT;XIRECS;5225.0;4
408000;;;HYDROGEL_PACK;XIRECS;9991.0;3
409400;;;HYDROGEL_PACK;XIRECS;9988.0;3
410100;;;HYDROGEL_PACK;XIRECS;9988.0;6
410200;;;VEV_5400;XIRECS;9.0;5
410200;;;VEV_5500;XIRECS;3.0;5
410200;;;VEV_6000;XIRECS;0.0;5
410200;;;VEV_6500;XIRECS;0.0;5
413100;;;HYDROGEL_PACK;XIRECS;9977.0;2
413500;;;HYDROGEL_PACK;XIRECS;9974.0;5
414900;;;VEV_5200;XIRECS;76.0;3
414900;;;VEV_5300;XIRECS;34.0;3
414900;;;VEV_5400;XIRECS;9.0;3
414900;;;VEV_5500;XIRECS;3.0;3
414900;;;VEV_6000;XIRECS;0.0;3
414900;;;VEV_6500;XIRECS;0.0;3
415400;;;HYDROGEL_PACK;XIRECS;9976.0;6
415500;;;VEV_5400;XIRECS;9.0;4
415500;;;VEV_5500;XIRECS;3.0;4
415500;;;VEV_6000;XIRECS;0.0;4
415500;;;VEV_6500;XIRECS;0.0;4
416600;;;HYDROGEL_PACK;XIRECS;9981.0;4
419300;;;VEV_4000;XIRECS;1221.0;1
420200;;;HYDROGEL_PACK;XIRECS;9975.0;4
421100;;;HYDROGEL_PACK;XIRECS;9961.0;5
421400;;;VELVETFRUIT_EXTRACT;XIRECS;5233.0;6
422200;;;HYDROGEL_PACK;XIRECS;9963.0;2
423800;;;HYDROGEL_PACK;XIRECS;9969.0;3
423800;;;VEV_5200;XIRECS;79.0;5
423800;;;VEV_5300;XIRECS;36.0;5
423800;;;VEV_5400;XIRECS;10.0;5
423800;;;VEV_5500;XIRECS;4.0;5
423800;;;VEV_6000;XIRECS;0.0;5
423800;;;VEV_6500;XIRECS;0.0;5
424400;;;VEV_4000;XIRECS;1244.0;2
424600;;;VELVETFRUIT_EXTRACT;XIRECS;5232.0;6
425300;;;VELVETFRUIT_EXTRACT;XIRECS;5238.0;3
427400;;;VELVETFRUIT_EXTRACT;XIRECS;5241.0;5
428400;;;VEV_4000;XIRECS;1248.0;1
429500;;;HYDROGEL_PACK;XIRECS;9968.0;3
430200;;;HYDROGEL_PACK;XIRECS;9974.0;4
430700;;;HYDROGEL_PACK;XIRECS;9976.0;4
432100;;;VELVETFRUIT_EXTRACT;XIRECS;5233.0;8
433000;;;VELVETFRUIT_EXTRACT;XIRECS;5238.0;4
433100;;;VEV_5200;XIRECS;83.0;2
433100;;;VEV_5300;XIRECS;38.0;2
433100;;;VEV_5400;XIRECS;11.0;2
433100;;;VEV_5500;XIRECS;4.0;2
433100;;;VEV_6000;XIRECS;0.0;2
433100;;;VEV_6500;XIRECS;0.0;2
433900;;;HYDROGEL_PACK;XIRECS;9970.0;4
436100;;;VELVETFRUIT_EXTRACT;XIRECS;5242.0;5
436200;;;HYDROGEL_PACK;XIRECS;9968.0;2
438300;;;VEV_4000;XIRECS;1230.0;3
438500;;;VELVETFRUIT_EXTRACT;XIRECS;5241.0;6
438900;;;VEV_4000;XIRECS;1249.0;3
441300;;;VELVETFRUIT_EXTRACT;XIRECS;5235.0;5
443400;;;HYDROGEL_PACK;XIRECS;9969.0;4
443600;;;VEV_5200;XIRECS;82.0;4
443600;;;VEV_5400;XIRECS;11.0;4
443600;;;VEV_5500;XIRECS;4.0;4
443600;;;VEV_6000;XIRECS;0.0;4
443600;;;VEV_6500;XIRECS;0.0;4
444200;;;VELVETFRUIT_EXTRACT;XIRECS;5244.0;6
445300;;;HYDROGEL_PACK;XIRECS;9974.0;2
448600;;;VELVETFRUIT_EXTRACT;XIRECS;5252.0;7
448900;;;VELVETFRUIT_EXTRACT;XIRECS;5247.0;9
449000;;;HYDROGEL_PACK;XIRECS;9979.0;6
449500;;;VEV_4000;XIRECS;1238.0;2
450900;;;HYDROGEL_PACK;XIRECS;9988.0;6
452000;;;HYDROGEL_PACK;XIRECS;9965.0;3
452800;;;HYDROGEL_PACK;XIRECS;9974.0;4
453000;;;VELVETFRUIT_EXTRACT;XIRECS;5240.0;3
453800;;;VELVETFRUIT_EXTRACT;XIRECS;5237.0;7
454700;;;VEV_4000;XIRECS;1247.0;1
456200;;;VEV_5200;XIRECS;82.0;2
456200;;;VEV_5400;XIRECS;11.0;2
456200;;;VEV_5500;XIRECS;4.0;2
456200;;;VEV_6000;XIRECS;0.0;2
456200;;;VEV_6500;XIRECS;0.0;2
457600;;;VELVETFRUIT_EXTRACT;XIRECS;5242.0;3
460100;;;VELVETFRUIT_EXTRACT;XIRECS;5235.0;4
461200;;;VEV_5300;XIRECS;37.0;3
461200;;;VEV_5400;XIRECS;10.0;3
461200;;;VEV_5500;XIRECS;3.0;3
461200;;;VEV_6000;XIRECS;0.0;3
461200;;;VEV_6500;XIRECS;0.0;3
463600;;;VELVETFRUIT_EXTRACT;XIRECS;5238.0;11
464700;;;VELVETFRUIT_EXTRACT;XIRECS;5238.0;5
466000;;;VELVETFRUIT_EXTRACT;XIRECS;5234.0;3
466400;;;VELVETFRUIT_EXTRACT;XIRECS;5233.0;14
468600;;;VELVETFRUIT_EXTRACT;XIRECS;5239.0;4
472900;;;VELVETFRUIT_EXTRACT;XIRECS;5238.0;6
473000;;;VELVETFRUIT_EXTRACT;XIRECS;5238.0;4
473800;;;VELVETFRUIT_EXTRACT;XIRECS;5239.0;3
474000;;;VELVETFRUIT_EXTRACT;XIRECS;5238.0;5
477300;;;VELVETFRUIT_EXTRACT;XIRECS;5244.0;8
478900;;;HYDROGEL_PACK;XIRECS;9997.0;3
480500;;;VELVETFRUIT_EXTRACT;XIRECS;5240.0;3
480900;;;HYDROGEL_PACK;XIRECS;9994.0;2
481400;;;HYDROGEL_PACK;XIRECS;9996.0;2
482400;;;HYDROGEL_PACK;XIRECS;10013.0;3
483400;;;VELVETFRUIT_EXTRACT;XIRECS;5249.0;3
483400;;;VEV_5300;XIRECS;40.0;5
483400;;;VEV_5400;XIRECS;12.0;5
483400;;;VEV_5500;XIRECS;4.0;5
483400;;;VEV_6000;XIRECS;0.0;5
483400;;;VEV_6500;XIRECS;0.0;5
486000;;;VELVETFRUIT_EXTRACT;XIRECS;5237.0;5
486200;;;VELVETFRUIT_EXTRACT;XIRECS;5242.0;8
486700;;;VELVETFRUIT_EXTRACT;XIRECS;5236.0;8
488200;;;HYDROGEL_PACK;XIRECS;9994.0;2
488600;;;VEV_4000;XIRECS;1247.0;2
488700;;;HYDROGEL_PACK;XIRECS;9985.0;5
490600;;;VEV_4000;XIRECS;1251.0;2
492000;;;VELVETFRUIT_EXTRACT;XIRECS;5241.0;5
493000;;;VELVETFRUIT_EXTRACT;XIRECS;5240.0;12
493500;;;VELVETFRUIT_EXTRACT;XIRECS;5239.0;6
493800;;;HYDROGEL_PACK;XIRECS;10020.0;6
494300;;;VELVETFRUIT_EXTRACT;XIRECS;5244.0;6
495100;;;VELVETFRUIT_EXTRACT;XIRECS;5247.0;8
495700;;;HYDROGEL_PACK;XIRECS;9985.0;3
495700;;;VEV_5400;XIRECS;11.0;5
495700;;;VEV_5500;XIRECS;4.0;5
495700;;;VEV_6000;XIRECS;0.0;5
495700;;;VEV_6500;XIRECS;0.0;5
498100;;;VELVETFRUIT_EXTRACT;XIRECS;5242.0;8
498500;;;HYDROGEL_PACK;XIRECS;9977.0;4
499900;;;VEV_4000;XIRECS;1256.0;3
500000;;;VELVETFRUIT_EXTRACT;XIRECS;5248.0;3
500600;;;HYDROGEL_PACK;XIRECS;9976.0;5
501300;;;VELVETFRUIT_EXTRACT;XIRECS;5247.0;7
501600;;;HYDROGEL_PACK;XIRECS;9976.0;4
501900;;;VEV_5300;XIRECS;38.0;3
501900;;;VEV_5400;XIRECS;11.0;3
501900;;;VEV_5500;XIRECS;4.0;3
501900;;;VEV_6000;XIRECS;0.0;3
501900;;;VEV_6500;XIRECS;0.0;3
503600;;;HYDROGEL_PACK;XIRECS;9975.0;2
505100;;;VELVETFRUIT_EXTRACT;XIRECS;5232.0;7
508800;;;VEV_5400;XIRECS;10.0;5
508800;;;VEV_5500;XIRECS;3.0;5
508800;;;VEV_6000;XIRECS;0.0;5
508800;;;VEV_6500;XIRECS;0.0;5
511000;;;HYDROGEL_PACK;XIRECS;9989.0;6
512800;;;HYDROGEL_PACK;XIRECS;9982.0;4
513600;;;VELVETFRUIT_EXTRACT;XIRECS;5244.0;5
516500;;;HYDROGEL_PACK;XIRECS;9977.0;5
519600;;;VEV_5200;XIRECS;87.0;5
519600;;;VEV_5300;XIRECS;40.0;5
519600;;;VEV_5400;XIRECS;12.0;5
519600;;;VEV_5500;XIRECS;4.0;5
519600;;;VEV_6000;XIRECS;0.0;5
519600;;;VEV_6500;XIRECS;0.0;5
519800;;;HYDROGEL_PACK;XIRECS;9982.0;6
519800;;;VELVETFRUIT_EXTRACT;XIRECS;5243.0;5
521000;;;VEV_4000;XIRECS;1257.0;1
521700;;;VELVETFRUIT_EXTRACT;XIRECS;5244.0;8
524600;;;HYDROGEL_PACK;XIRECS;9969.0;5
526300;;;HYDROGEL_PACK;XIRECS;9966.0;3
527200;;;VELVETFRUIT_EXTRACT;XIRECS;5244.0;7
527300;;;VELVETFRUIT_EXTRACT;XIRECS;5248.0;5
529800;;;VELVETFRUIT_EXTRACT;XIRECS;5249.0;3
530600;;;VELVETFRUIT_EXTRACT;XIRECS;5246.0;5
530900;;;HYDROGEL_PACK;XIRECS;9988.0;3
533300;;;VELVETFRUIT_EXTRACT;XIRECS;5243.0;3
534700;;;HYDROGEL_PACK;XIRECS;9958.0;3
534900;;;HYDROGEL_PACK;XIRECS;9976.0;3
535100;;;HYDROGEL_PACK;XIRECS;9961.0;2
536500;;;VEV_4000;XIRECS;1252.0;2
538700;;;VELVETFRUIT_EXTRACT;XIRECS;5247.0;5
540500;;;HYDROGEL_PACK;XIRECS;9982.0;2
540600;;;HYDROGEL_PACK;XIRECS;9980.0;2
541400;;;VELVETFRUIT_EXTRACT;XIRECS;5243.0;8
543800;;;HYDROGEL_PACK;XIRECS;9975.0;6
543900;;;VEV_4000;XIRECS;1231.0;1
544400;;;HYDROGEL_PACK;XIRECS;9976.0;6
544700;;;VELVETFRUIT_EXTRACT;XIRECS;5243.0;8
545400;;;VELVETFRUIT_EXTRACT;XIRECS;5240.0;7
545900;;;VELVETFRUIT_EXTRACT;XIRECS;5238.0;5
547000;;;HYDROGEL_PACK;XIRECS;9969.0;6
547100;;;VELVETFRUIT_EXTRACT;XIRECS;5237.0;13
548000;;;VELVETFRUIT_EXTRACT;XIRECS;5235.0;5
548500;;;HYDROGEL_PACK;XIRECS;9963.0;6
548600;;;VEV_5300;XIRECS;36.0;2
548600;;;VEV_6000;XIRECS;0.0;2
548600;;;VEV_6500;XIRECS;0.0;2
548900;;;VELVETFRUIT_EXTRACT;XIRECS;5240.0;7
551500;;;VELVETFRUIT_EXTRACT;XIRECS;5238.0;6
553400;;;HYDROGEL_PACK;XIRECS;9968.0;2
554600;;;VELVETFRUIT_EXTRACT;XIRECS;5240.0;7
554600;;;VEV_5300;XIRECS;38.0;5
554600;;;VEV_5400;XIRECS;11.0;5
554600;;;VEV_5500;XIRECS;4.0;5
554600;;;VEV_6000;XIRECS;0.0;5
554600;;;VEV_6500;XIRECS;0.0;5
555000;;;VELVETFRUIT_EXTRACT;XIRECS;5246.0;3
555700;;;VELVETFRUIT_EXTRACT;XIRECS;5239.0;7
555700;;;VEV_5400;XIRECS;11.0;3
555700;;;VEV_5500;XIRECS;4.0;3
555700;;;VEV_6000;XIRECS;0.0;3
555700;;;VEV_6500;XIRECS;0.0;3
556000;;;HYDROGEL_PACK;XIRECS;9976.0;5
556100;;;HYDROGEL_PACK;XIRECS;9976.0;5
556700;;;VELVETFRUIT_EXTRACT;XIRECS;5238.0;8
558800;;;VELVETFRUIT_EXTRACT;XIRECS;5241.0;8
558900;;;VELVETFRUIT_EXTRACT;XIRECS;5241.0;7
561000;;;HYDROGEL_PACK;XIRECS;9996.0;4
561100;;;VELVETFRUIT_EXTRACT;XIRECS;5234.0;6
561300;;;VELVETFRUIT_EXTRACT;XIRECS;5234.0;3
563200;;;VEV_4000;XIRECS;1229.0;3
563700;;;VEV_4000;XIRECS;1246.0;1
564900;;;VELVETFRUIT_EXTRACT;XIRECS;5233.0;6
566100;;;VELVETFRUIT_EXTRACT;XIRECS;5233.0;3
566300;;;VELVETFRUIT_EXTRACT;XIRECS;5235.0;5
566700;;;VEV_5400;XIRECS;9.0;2
566700;;;VEV_5500;XIRECS;3.0;2
566700;;;VEV_6000;XIRECS;0.0;2
566700;;;VEV_6500;XIRECS;0.0;2
568500;;;HYDROGEL_PACK;XIRECS;9971.0;2
569800;;;VELVETFRUIT_EXTRACT;XIRECS;5225.0;5
571300;;;VEV_4000;XIRECS;1219.0;3
573500;;;VELVETFRUIT_EXTRACT;XIRECS;5232.0;5
573500;;;VEV_4000;XIRECS;1224.0;2
573700;;;VELVETFRUIT_EXTRACT;XIRECS;5237.0;3
573800;;;HYDROGEL_PACK;XIRECS;9989.0;3
574200;;;HYDROGEL_PACK;XIRECS;9988.0;6
575100;;;VEV_5400;XIRECS;9.0;4
575100;;;VEV_5500;XIRECS;3.0;4
575100;;;VEV_6000;XIRECS;0.0;4
575100;;;VEV_6500;XIRECS;0.0;4
576500;;;VELVETFRUIT_EXTRACT;XIRECS;5225.0;7
576700;;;HYDROGEL_PACK;XIRECS;10000.0;5
577700;;;VELVETFRUIT_EXTRACT;XIRECS;5223.0;8
578300;;;HYDROGEL_PACK;XIRECS;9992.0;6
578300;;;VELVETFRUIT_EXTRACT;XIRECS;5223.0;8
581600;;;HYDROGEL_PACK;XIRECS;10000.0;2
582600;;;HYDROGEL_PACK;XIRECS;9980.0;4
585200;;;HYDROGEL_PACK;XIRECS;10005.0;6
587100;;;VEV_5300;XIRECS;28.0;4
587100;;;VEV_5400;XIRECS;7.0;4
587100;;;VEV_5500;XIRECS;2.0;4
587100;;;VEV_6000;XIRECS;0.0;4
587100;;;VEV_6500;XIRECS;0.0;4
587200;;;VELVETFRUIT_EXTRACT;XIRECS;5214.0;6
587500;;;VEV_4000;XIRECS;1202.0;1
587700;;;HYDROGEL_PACK;XIRECS;10013.0;4
588400;;;HYDROGEL_PACK;XIRECS;10015.0;6
588400;;;VELVETFRUIT_EXTRACT;XIRECS;5217.0;5
588500;;;VEV_5300;XIRECS;28.0;4
588500;;;VEV_5400;XIRECS;7.0;4
588500;;;VEV_5500;XIRECS;2.0;4
588500;;;VEV_6000;XIRECS;0.0;4
588500;;;VEV_6500;XIRECS;0.0;4
588800;;;HYDROGEL_PACK;XIRECS;10016.0;2
589300;;;HYDROGEL_PACK;XIRECS;10001.0;3
589400;;;VELVETFRUIT_EXTRACT;XIRECS;5212.0;3
590700;;;VEV_4000;XIRECS;1225.0;1
592000;;;VELVETFRUIT_EXTRACT;XIRECS;5223.0;6
592200;;;HYDROGEL_PACK;XIRECS;10020.0;4
593000;;;VEV_5400;XIRECS;8.0;5
593000;;;VEV_5500;XIRECS;3.0;5
593000;;;VEV_6000;XIRECS;0.0;5
593000;;;VEV_6500;XIRECS;0.0;5
596100;;;HYDROGEL_PACK;XIRECS;10002.0;3
596600;;;HYDROGEL_PACK;XIRECS;10012.0;6
597500;;;HYDROGEL_PACK;XIRECS;10015.0;4
600300;;;VEV_4000;XIRECS;1254.0;2
601600;;;HYDROGEL_PACK;XIRECS;10013.0;6
604100;;;VEV_5300;XIRECS;38.0;2
604100;;;VEV_5400;XIRECS;11.0;2
604100;;;VEV_5500;XIRECS;4.0;2
604100;;;VEV_6000;XIRECS;0.0;2
604100;;;VEV_6500;XIRECS;0.0;2
604400;;;HYDROGEL_PACK;XIRECS;10043.0;3
604500;;;VELVETFRUIT_EXTRACT;XIRECS;5245.0;7
605100;;;VEV_4000;XIRECS;1233.0;3
607400;;;VEV_4000;XIRECS;1259.0;2
608800;;;VELVETFRUIT_EXTRACT;XIRECS;5255.0;3
608900;;;HYDROGEL_PACK;XIRECS;10031.0;2
610900;;;HYDROGEL_PACK;XIRECS;10029.0;5
610900;;;VEV_4000;XIRECS;1239.0;3
611300;;;VELVETFRUIT_EXTRACT;XIRECS;5244.0;6
612300;;;VELVETFRUIT_EXTRACT;XIRECS;5241.0;8
614100;;;VELVETFRUIT_EXTRACT;XIRECS;5244.0;10
616700;;;VELVETFRUIT_EXTRACT;XIRECS;5237.0;4
617200;;;VELVETFRUIT_EXTRACT;XIRECS;5237.0;6
620000;;;HYDROGEL_PACK;XIRECS;10010.0;5
620800;;;VELVETFRUIT_EXTRACT;XIRECS;5234.0;4
622600;;;VEV_5400;XIRECS;10.0;4
622600;;;VEV_5500;XIRECS;3.0;4
622600;;;VEV_6000;XIRECS;0.0;4
622600;;;VEV_6500;XIRECS;0.0;4
624000;;;VEV_4000;XIRECS;1226.0;2
624200;;;VEV_4000;XIRECS;1226.0;2
625900;;;VEV_4000;XIRECS;1253.0;2
626300;;;VELVETFRUIT_EXTRACT;XIRECS;5248.0;5
627100;;;VEV_4000;XIRECS;1254.0;3
627400;;;VELVETFRUIT_EXTRACT;XIRECS;5246.0;7
629200;;;VELVETFRUIT_EXTRACT;XIRECS;5243.0;5
630700;;;HYDROGEL_PACK;XIRECS;10010.0;3
631400;;;HYDROGEL_PACK;XIRECS;10002.0;3
633100;;;HYDROGEL_PACK;XIRECS;10017.0;6
634300;;;HYDROGEL_PACK;XIRECS;10009.0;4
634400;;;VELVETFRUIT_EXTRACT;XIRECS;5245.0;5
635100;;;VEV_4000;XIRECS;1235.0;3
637900;;;VEV_4000;XIRECS;1256.0;3
640000;;;HYDROGEL_PACK;XIRECS;10001.0;2
641500;;;VELVETFRUIT_EXTRACT;XIRECS;5248.0;5
642400;;;VEV_5400;XIRECS;11.0;2
642400;;;VEV_5500;XIRECS;4.0;2
642400;;;VEV_6000;XIRECS;0.0;2
642400;;;VEV_6500;XIRECS;0.0;2
643000;;;VELVETFRUIT_EXTRACT;XIRECS;5239.0;6
643300;;;VEV_4000;XIRECS;1252.0;1
644500;;;VEV_5400;XIRECS;11.0;4
644500;;;VEV_5500;XIRECS;4.0;4
644500;;;VEV_6000;XIRECS;0.0;4
644500;;;VEV_6500;XIRECS;0.0;4
645000;;;HYDROGEL_PACK;XIRECS;10016.0;4
648700;;;VEV_4000;XIRECS;1235.0;3
650000;;;HYDROGEL_PACK;XIRECS;10029.0;4
650200;;;VELVETFRUIT_EXTRACT;XIRECS;5246.0;6
650600;;;VELVETFRUIT_EXTRACT;XIRECS;5244.0;8
651300;;;VELVETFRUIT_EXTRACT;XIRECS;5247.0;8
653800;;;VELVETFRUIT_EXTRACT;XIRECS;5252.0;5
655500;;;HYDROGEL_PACK;XIRECS;10024.0;3
656600;;;VELVETFRUIT_EXTRACT;XIRECS;5253.0;8
658100;;;VEV_4000;XIRECS;1263.0;3
658300;;;VELVETFRUIT_EXTRACT;XIRECS;5249.0;3
659500;;;HYDROGEL_PACK;XIRECS;10046.0;5
659800;;;VELVETFRUIT_EXTRACT;XIRECS;5256.0;6
661900;;;HYDROGEL_PACK;XIRECS;10024.0;6
662600;;;VELVETFRUIT_EXTRACT;XIRECS;5251.0;6
663000;;;HYDROGEL_PACK;XIRECS;10025.0;2
666500;;;VEV_5200;XIRECS;91.0;2
666500;;;VEV_5300;XIRECS;42.0;2
666500;;;VEV_5400;XIRECS;12.0;2
666500;;;VEV_5500;XIRECS;4.0;2
666500;;;VEV_6000;XIRECS;0.0;2
666500;;;VEV_6500;XIRECS;0.0;2
667800;;;VELVETFRUIT_EXTRACT;XIRECS;5262.0;5
669900;;;VEV_4000;XIRECS;1275.0;3
672600;;;VELVETFRUIT_EXTRACT;XIRECS;5271.0;3
672800;;;VELVETFRUIT_EXTRACT;XIRECS;5271.0;10
673000;;;VELVETFRUIT_EXTRACT;XIRECS;5270.0;5
673600;;;VELVETFRUIT_EXTRACT;XIRECS;5275.0;6
674000;;;HYDROGEL_PACK;XIRECS;10015.0;2
674400;;;HYDROGEL_PACK;XIRECS;10012.0;4
675300;;;HYDROGEL_PACK;XIRECS;10017.0;2
675600;;;HYDROGEL_PACK;XIRECS;10018.0;3
675600;;;VELVETFRUIT_EXTRACT;XIRECS;5272.0;7
676600;;;VEV_4000;XIRECS;1279.0;2
678700;;;HYDROGEL_PACK;XIRECS;10013.0;6
679000;;;VELVETFRUIT_EXTRACT;XIRECS;5273.0;5
681000;;;HYDROGEL_PACK;XIRECS;10010.0;5
682800;;;VELVETFRUIT_EXTRACT;XIRECS;5283.0;6
683900;;;VELVETFRUIT_EXTRACT;XIRECS;5283.0;3
684500;;;VELVETFRUIT_EXTRACT;XIRECS;5273.0;7
686100;;;HYDROGEL_PACK;XIRECS;9996.0;6
686400;;;VELVETFRUIT_EXTRACT;XIRECS;5274.0;8
686700;;;HYDROGEL_PACK;XIRECS;10016.0;5
687700;;;VELVETFRUIT_EXTRACT;XIRECS;5269.0;7
687700;;;VELVETFRUIT_EXTRACT;XIRECS;5271.0;5
688500;;;VELVETFRUIT_EXTRACT;XIRECS;5272.0;3
688600;;;VEV_5400;XIRECS;16.0;2
688600;;;VEV_5500;XIRECS;6.0;2
688600;;;VEV_6000;XIRECS;0.0;2
688600;;;VEV_6500;XIRECS;0.0;2
689700;;;HYDROGEL_PACK;XIRECS;9997.0;5
690500;;;VEV_4000;XIRECS;1263.0;1
690600;;;VELVETFRUIT_EXTRACT;XIRECS;5275.0;5
690800;;;HYDROGEL_PACK;XIRECS;9990.0;5
691100;;;VEV_5400;XIRECS;15.0;5
691100;;;VEV_5500;XIRECS;6.0;5
691100;;;VEV_6000;XIRECS;0.0;5
691100;;;VEV_6500;XIRECS;0.0;5
691200;;;VELVETFRUIT_EXTRACT;XIRECS;5271.0;7
691600;;;HYDROGEL_PACK;XIRECS;9990.0;5
692000;;;VEV_4000;XIRECS;1282.0;1
692100;;;VELVETFRUIT_EXTRACT;XIRECS;5272.0;8
692500;;;VELVETFRUIT_EXTRACT;XIRECS;5268.0;6
693900;;;VELVETFRUIT_EXTRACT;XIRECS;5271.0;3
694400;;;VELVETFRUIT_EXTRACT;XIRECS;5271.0;3
694500;;;HYDROGEL_PACK;XIRECS;10016.0;4
695800;;;VEV_5500;XIRECS;5.0;5
695800;;;VEV_6000;XIRECS;0.0;5
695800;;;VEV_6500;XIRECS;0.0;5
696000;;;HYDROGEL_PACK;XIRECS;10016.0;2
697000;;;HYDROGEL_PACK;XIRECS;10017.0;4
697400;;;HYDROGEL_PACK;XIRECS;10018.0;2
698800;;;HYDROGEL_PACK;XIRECS;9999.0;2
699800;;;VEV_4000;XIRECS;1260.0;3
700500;;;VELVETFRUIT_EXTRACT;XIRECS;5264.0;10
701000;;;VELVETFRUIT_EXTRACT;XIRECS;5263.0;4
702100;;;VELVETFRUIT_EXTRACT;XIRECS;5265.0;5
702200;;;VELVETFRUIT_EXTRACT;XIRECS;5260.0;3
704600;;;VELVETFRUIT_EXTRACT;XIRECS;5265.0;8
705100;;;VELVETFRUIT_EXTRACT;XIRECS;5267.0;7
705700;;;VELVETFRUIT_EXTRACT;XIRECS;5261.0;4
705900;;;HYDROGEL_PACK;XIRECS;10032.0;6
707900;;;HYDROGEL_PACK;XIRECS;10021.0;6
711200;;;VEV_4000;XIRECS;1248.0;3
711900;;;VEV_5300;XIRECS;43.0;3
711900;;;VEV_5400;XIRECS;13.0;3
711900;;;VEV_5500;XIRECS;5.0;3
711900;;;VEV_6000;XIRECS;0.0;3
711900;;;VEV_6500;XIRECS;0.0;3
713000;;;VELVETFRUIT_EXTRACT;XIRECS;5255.0;8
715300;;;VELVETFRUIT_EXTRACT;XIRECS;5244.0;8
715500;;;HYDROGEL_PACK;XIRECS;10036.0;6
716900;;;HYDROGEL_PACK;XIRECS;10028.0;3
717300;;;VELVETFRUIT_EXTRACT;XIRECS;5244.0;12
719000;;;HYDROGEL_PACK;XIRECS;10033.0;5
720500;;;VELVETFRUIT_EXTRACT;XIRECS;5237.0;11
721200;;;VELVETFRUIT_EXTRACT;XIRECS;5239.0;3
722300;;;VELVETFRUIT_EXTRACT;XIRECS;5242.0;4
726100;;;VELVETFRUIT_EXTRACT;XIRECS;5231.0;5
726600;;;VEV_5400;XIRECS;8.0;2
726600;;;VEV_5500;XIRECS;3.0;2
726600;;;VEV_6000;XIRECS;0.0;2
726600;;;VEV_6500;XIRECS;0.0;2
727700;;;HYDROGEL_PACK;XIRECS;10040.0;6
727900;;;VEV_4000;XIRECS;1222.0;2
730300;;;VELVETFRUIT_EXTRACT;XIRECS;5223.0;5
733200;;;VEV_5400;XIRECS;8.0;4
733200;;;VEV_5500;XIRECS;3.0;4
733200;;;VEV_6000;XIRECS;0.0;4
733200;;;VEV_6500;XIRECS;0.0;4
734200;;;HYDROGEL_PACK;XIRECS;10029.0;5
735100;;;VELVETFRUIT_EXTRACT;XIRECS;5227.0;3
736100;;;VEV_4000;XIRECS;1239.0;1
736200;;;HYDROGEL_PACK;XIRECS;10004.0;6
737300;;;HYDROGEL_PACK;XIRECS;10014.0;6
737500;;;VELVETFRUIT_EXTRACT;XIRECS;5226.0;3
737600;;;VELVETFRUIT_EXTRACT;XIRECS;5221.0;5
738000;;;VELVETFRUIT_EXTRACT;XIRECS;5220.0;8
738500;;;VELVETFRUIT_EXTRACT;XIRECS;5216.0;4
738800;;;VELVETFRUIT_EXTRACT;XIRECS;5215.0;3
739000;;;HYDROGEL_PACK;XIRECS;9996.0;4
739600;;;VEV_4000;XIRECS;1227.0;3
739900;;;VELVETFRUIT_EXTRACT;XIRECS;5217.0;4
740000;;;HYDROGEL_PACK;XIRECS;10001.0;4
740300;;;VELVETFRUIT_EXTRACT;XIRECS;5216.0;7
742000;;;VELVETFRUIT_EXTRACT;XIRECS;5213.0;8
743500;;;HYDROGEL_PACK;XIRECS;10003.0;5
744200;;;VELVETFRUIT_EXTRACT;XIRECS;5208.0;8
746900;;;VEV_4000;XIRECS;1221.0;1
747700;;;HYDROGEL_PACK;XIRECS;9988.0;3
748500;;;VEV_5300;XIRECS;28.0;2
748500;;;VEV_5500;XIRECS;2.0;2
748500;;;VEV_6000;XIRECS;0.0;2
748500;;;VEV_6500;XIRECS;0.0;2
749400;;;HYDROGEL_PACK;XIRECS;10016.0;5
750200;;;HYDROGEL_PACK;XIRECS;10006.0;3
751300;;;VELVETFRUIT_EXTRACT;XIRECS;5211.0;5
752100;;;HYDROGEL_PACK;XIRECS;10012.0;6
752300;;;VEV_4000;XIRECS;1230.0;2
752500;;;HYDROGEL_PACK;XIRECS;9997.0;5
753400;;;HYDROGEL_PACK;XIRECS;10008.0;4
755000;;;HYDROGEL_PACK;XIRECS;10002.0;4
756000;;;VELVETFRUIT_EXTRACT;XIRECS;5225.0;7
757200;;;VEV_4000;XIRECS;1230.0;2
758100;;;VELVETFRUIT_EXTRACT;XIRECS;5213.0;8
759500;;;HYDROGEL_PACK;XIRECS;10016.0;2
761800;;;VELVETFRUIT_EXTRACT;XIRECS;5224.0;7
762200;;;VEV_4000;XIRECS;1236.0;2
762600;;;VELVETFRUIT_EXTRACT;XIRECS;5225.0;6
762800;;;VELVETFRUIT_EXTRACT;XIRECS;5231.0;6
763500;;;VEV_5400;XIRECS;7.0;5
763500;;;VEV_5500;XIRECS;2.0;5
763500;;;VEV_6000;XIRECS;0.0;5
763500;;;VEV_6500;XIRECS;0.0;5
764000;;;VEV_5300;XIRECS;32.0;3
764000;;;VEV_5400;XIRECS;8.0;3
764000;;;VEV_5500;XIRECS;2.0;3
764000;;;VEV_6000;XIRECS;0.0;3
764000;;;VEV_6500;XIRECS;0.0;3
766000;;;VELVETFRUIT_EXTRACT;XIRECS;5228.0;4
766500;;;HYDROGEL_PACK;XIRECS;10039.0;4
767700;;;HYDROGEL_PACK;XIRECS;10043.0;6
771300;;;HYDROGEL_PACK;XIRECS;10051.0;4
771600;;;VELVETFRUIT_EXTRACT;XIRECS;5230.0;12
771800;;;VELVETFRUIT_EXTRACT;XIRECS;5237.0;6
773800;;;VELVETFRUIT_EXTRACT;XIRECS;5234.0;8
774200;;;VEV_4000;XIRECS;1243.0;2
775300;;;HYDROGEL_PACK;XIRECS;10028.0;4
775500;;;VELVETFRUIT_EXTRACT;XIRECS;5242.0;7
777200;;;VELVETFRUIT_EXTRACT;XIRECS;5238.0;10
779200;;;VEV_5300;XIRECS;37.0;4
779200;;;VEV_5400;XIRECS;10.0;4
779200;;;VEV_5500;XIRECS;3.0;4
779200;;;VEV_6000;XIRECS;0.0;4
779200;;;VEV_6500;XIRECS;0.0;4
779700;;;VELVETFRUIT_EXTRACT;XIRECS;5243.0;4
780000;;;HYDROGEL_PACK;XIRECS;10035.0;3
781100;;;VELVETFRUIT_EXTRACT;XIRECS;5241.0;7
781500;;;VELVETFRUIT_EXTRACT;XIRECS;5235.0;7
781900;;;VELVETFRUIT_EXTRACT;XIRECS;5235.0;5
783400;;;VELVETFRUIT_EXTRACT;XIRECS;5238.0;6
784000;;;HYDROGEL_PACK;XIRECS;10014.0;6
787000;;;VELVETFRUIT_EXTRACT;XIRECS;5251.0;6
787400;;;HYDROGEL_PACK;XIRECS;10012.0;5
791700;;;VELVETFRUIT_EXTRACT;XIRECS;5243.0;6
793900;;;VELVETFRUIT_EXTRACT;XIRECS;5243.0;5
793900;;;VEV_5400;XIRECS;10.0;2
793900;;;VEV_5500;XIRECS;3.0;2
793900;;;VEV_6000;XIRECS;0.0;2
793900;;;VEV_6500;XIRECS;0.0;2
795400;;;HYDROGEL_PACK;XIRECS;9978.0;6
796100;;;VELVETFRUIT_EXTRACT;XIRECS;5245.0;5
796600;;;VELVETFRUIT_EXTRACT;XIRECS;5244.0;7
796800;;;VEV_4000;XIRECS;1228.0;1
798800;;;VELVETFRUIT_EXTRACT;XIRECS;5241.0;12
798900;;;VELVETFRUIT_EXTRACT;XIRECS;5245.0;8
800000;;;VEV_4000;XIRECS;1260.0;1
802600;;;VELVETFRUIT_EXTRACT;XIRECS;5252.0;7
802700;;;HYDROGEL_PACK;XIRECS;10014.0;4
803000;;;VELVETFRUIT_EXTRACT;XIRECS;5257.0;3
804500;;;HYDROGEL_PACK;XIRECS;10020.0;5
805000;;;VELVETFRUIT_EXTRACT;XIRECS;5259.0;3
805600;;;VEV_4000;XIRECS;1246.0;2
807300;;;VELVETFRUIT_EXTRACT;XIRECS;5263.0;6
808200;;;VEV_4000;XIRECS;1253.0;2
808800;;;VEV_5300;XIRECS;44.0;4
808800;;;VEV_5400;XIRECS;12.0;4
808800;;;VEV_5500;XIRECS;4.0;4
808800;;;VEV_6000;XIRECS;0.0;4
808800;;;VEV_6500;XIRECS;0.0;4
809100;;;VEV_4000;XIRECS;1248.0;3
810000;;;VELVETFRUIT_EXTRACT;XIRECS;5256.0;5
810800;;;VELVETFRUIT_EXTRACT;XIRECS;5250.0;5
812300;;;VELVETFRUIT_EXTRACT;XIRECS;5245.0;8
812600;;;VELVETFRUIT_EXTRACT;XIRECS;5251.0;5
812700;;;HYDROGEL_PACK;XIRECS;10005.0;3
813500;;;VELVETFRUIT_EXTRACT;XIRECS;5240.0;4
815900;;;VELVETFRUIT_EXTRACT;XIRECS;5246.0;3
816800;;;VEV_4000;XIRECS;1253.0;3
818600;;;HYDROGEL_PACK;XIRECS;10039.0;3
819500;;;VELVETFRUIT_EXTRACT;XIRECS;5248.0;7
819600;;;VEV_4000;XIRECS;1241.0;3
822500;;;VELVETFRUIT_EXTRACT;XIRECS;5255.0;5
823500;;;VELVETFRUIT_EXTRACT;XIRECS;5254.0;8
823600;;;VEV_4000;XIRECS;1241.0;3
824000;;;HYDROGEL_PACK;XIRECS;10027.0;4
825200;;;VELVETFRUIT_EXTRACT;XIRECS;5256.0;4
825500;;;VEV_4000;XIRECS;1266.0;3
825600;;;VELVETFRUIT_EXTRACT;XIRECS;5259.0;6
825700;;;VELVETFRUIT_EXTRACT;XIRECS;5259.0;6
825900;;;VEV_5400;XIRECS;12.0;2
825900;;;VEV_5500;XIRECS;4.0;2
825900;;;VEV_6000;XIRECS;0.0;2
825900;;;VEV_6500;XIRECS;0.0;2
826400;;;VEV_5300;XIRECS;42.0;4
826400;;;VEV_5400;XIRECS;12.0;4
826400;;;VEV_5500;XIRECS;4.0;4
826400;;;VEV_6000;XIRECS;0.0;4
826400;;;VEV_6500;XIRECS;0.0;4
827000;;;HYDROGEL_PACK;XIRECS;10024.0;5
827300;;;VEV_4000;XIRECS;1264.0;2
827900;;;VELVETFRUIT_EXTRACT;XIRECS;5256.0;3
828400;;;VELVETFRUIT_EXTRACT;XIRECS;5258.0;3
829800;;;VELVETFRUIT_EXTRACT;XIRECS;5254.0;7
830600;;;HYDROGEL_PACK;XIRECS;10024.0;3
831300;;;VELVETFRUIT_EXTRACT;XIRECS;5257.0;3
833300;;;VEV_4000;XIRECS;1265.0;2
833700;;;VELVETFRUIT_EXTRACT;XIRECS;5258.0;5
834000;;;HYDROGEL_PACK;XIRECS;10017.0;4
836300;;;VEV_5300;XIRECS;43.0;4
836300;;;VEV_5400;XIRECS;12.0;4
836300;;;VEV_5500;XIRECS;4.0;4
836300;;;VEV_6000;XIRECS;0.0;4
836300;;;VEV_6500;XIRECS;0.0;4
836500;;;VELVETFRUIT_EXTRACT;XIRECS;5256.0;4
840900;;;VELVETFRUIT_EXTRACT;XIRECS;5255.0;8
840900;;;VELVETFRUIT_EXTRACT;XIRECS;5256.0;11
841800;;;VELVETFRUIT_EXTRACT;XIRECS;5258.0;8
842800;;;HYDROGEL_PACK;XIRECS;10008.0;6
843300;;;HYDROGEL_PACK;XIRECS;10026.0;3
844300;;;VELVETFRUIT_EXTRACT;XIRECS;5262.0;7
844800;;;VELVETFRUIT_EXTRACT;XIRECS;5260.0;5
845400;;;VELVETFRUIT_EXTRACT;XIRECS;5259.0;7
848300;;;VELVETFRUIT_EXTRACT;XIRECS;5260.0;7
848400;;;VELVETFRUIT_EXTRACT;XIRECS;5256.0;11
849400;;;HYDROGEL_PACK;XIRECS;9996.0;6
850200;;;VEV_4000;XIRECS;1247.0;1
855100;;;HYDROGEL_PACK;XIRECS;10018.0;4
856600;;;HYDROGEL_PACK;XIRECS;10001.0;2
860300;;;VELVETFRUIT_EXTRACT;XIRECS;5253.0;3
861000;;;VELVETFRUIT_EXTRACT;XIRECS;5252.0;4
861200;;;HYDROGEL_PACK;XIRECS;10021.0;2
861800;;;HYDROGEL_PACK;XIRECS;9996.0;6
862900;;;VELVETFRUIT_EXTRACT;XIRECS;5253.0;8
863200;;;VELVETFRUIT_EXTRACT;XIRECS;5252.0;3
863300;;;HYDROGEL_PACK;XIRECS;9990.0;5
864200;;;HYDROGEL_PACK;XIRECS;9990.0;3
864300;;;VELVETFRUIT_EXTRACT;XIRECS;5257.0;4
866200;;;HYDROGEL_PACK;XIRECS;9999.0;3
866800;;;HYDROGEL_PACK;XIRECS;10002.0;6
866900;;;HYDROGEL_PACK;XIRECS;10001.0;2
867500;;;HYDROGEL_PACK;XIRECS;9992.0;6
869900;;;HYDROGEL_PACK;XIRECS;9987.0;2
870100;;;HYDROGEL_PACK;XIRECS;10001.0;2
870400;;;HYDROGEL_PACK;XIRECS;9999.0;4
872400;;;VELVETFRUIT_EXTRACT;XIRECS;5248.0;15
872600;;;VEV_5300;XIRECS;39.0;2
872600;;;VEV_5400;XIRECS;10.0;2
872600;;;VEV_5500;XIRECS;3.0;2
872600;;;VEV_6000;XIRECS;0.0;2
872600;;;VEV_6500;XIRECS;0.0;2
874800;;;VELVETFRUIT_EXTRACT;XIRECS;5247.0;8
875900;;;VEV_4000;XIRECS;1259.0;1
876500;;;VEV_5200;XIRECS;84.0;3
876500;;;VEV_5400;XIRECS;10.0;3
876500;;;VEV_5500;XIRECS;3.0;3
876500;;;VEV_6000;XIRECS;0.0;3
876500;;;VEV_6500;XIRECS;0.0;3
876900;;;HYDROGEL_PACK;XIRECS;9977.0;5
878000;;;VELVETFRUIT_EXTRACT;XIRECS;5243.0;4
879100;;;VEV_4000;XIRECS;1237.0;2
880000;;;VEV_4000;XIRECS;1242.0;3
880800;;;HYDROGEL_PACK;XIRECS;9993.0;5
881200;;;VELVETFRUIT_EXTRACT;XIRECS;5253.0;4
883000;;;VELVETFRUIT_EXTRACT;XIRECS;5251.0;4
884100;;;VEV_4000;XIRECS;1246.0;2
886000;;;VELVETFRUIT_EXTRACT;XIRECS;5265.0;3
887000;;;VELVETFRUIT_EXTRACT;XIRECS;5268.0;4
887900;;;VELVETFRUIT_EXTRACT;XIRECS;5269.0;15
889900;;;VELVETFRUIT_EXTRACT;XIRECS;5262.0;3
890200;;;HYDROGEL_PACK;XIRECS;9994.0;5
891400;;;VELVETFRUIT_EXTRACT;XIRECS;5268.0;4
891600;;;HYDROGEL_PACK;XIRECS;9976.0;6
891800;;;VELVETFRUIT_EXTRACT;XIRECS;5272.0;7
892900;;;VELVETFRUIT_EXTRACT;XIRECS;5275.0;5
894800;;;VEV_4000;XIRECS;1282.0;2
894900;;;HYDROGEL_PACK;XIRECS;9993.0;2
898100;;;VELVETFRUIT_EXTRACT;XIRECS;5277.0;8
898600;;;VEV_5300;XIRECS;52.0;2
898600;;;VEV_5500;XIRECS;5.0;2
898600;;;VEV_6000;XIRECS;0.0;2
898600;;;VEV_6500;XIRECS;0.0;2
899900;;;HYDROGEL_PACK;XIRECS;10001.0;3
900500;;;VELVETFRUIT_EXTRACT;XIRECS;5282.0;3
901000;;;VELVETFRUIT_EXTRACT;XIRECS;5281.0;8
901700;;;VELVETFRUIT_EXTRACT;XIRECS;5284.0;4
901800;;;VELVETFRUIT_EXTRACT;XIRECS;5279.0;8
902500;;;HYDROGEL_PACK;XIRECS;10019.0;5
902700;;;VELVETFRUIT_EXTRACT;XIRECS;5282.0;9
903600;;;HYDROGEL_PACK;XIRECS;9999.0;4
904000;;;VELVETFRUIT_EXTRACT;XIRECS;5285.0;5
906500;;;VELVETFRUIT_EXTRACT;XIRECS;5280.0;7
910900;;;VEV_5500;XIRECS;5.0;4
910900;;;VEV_6000;XIRECS;0.0;4
910900;;;VEV_6500;XIRECS;0.0;4
912000;;;VELVETFRUIT_EXTRACT;XIRECS;5276.0;9
913200;;;HYDROGEL_PACK;XIRECS;9992.0;2
914100;;;VEV_4000;XIRECS;1292.0;2
914300;;;VELVETFRUIT_EXTRACT;XIRECS;5280.0;8
914600;;;VELVETFRUIT_EXTRACT;XIRECS;5285.0;8
915400;;;VELVETFRUIT_EXTRACT;XIRECS;5281.0;7
915700;;;VELVETFRUIT_EXTRACT;XIRECS;5285.0;6
918200;;;HYDROGEL_PACK;XIRECS;10006.0;5
918800;;;VELVETFRUIT_EXTRACT;XIRECS;5286.0;8
921800;;;HYDROGEL_PACK;XIRECS;10011.0;3
922100;;;VELVETFRUIT_EXTRACT;XIRECS;5289.0;4
923800;;;HYDROGEL_PACK;XIRECS;10006.0;6
924100;;;VELVETFRUIT_EXTRACT;XIRECS;5285.0;6
924200;;;VEV_5500;XIRECS;6.0;5
924200;;;VEV_6000;XIRECS;0.0;5
924200;;;VEV_6500;XIRECS;0.0;5
925100;;;VEV_4000;XIRECS;1292.0;2
927200;;;VELVETFRUIT_EXTRACT;XIRECS;5283.0;3
927700;;;HYDROGEL_PACK;XIRECS;9982.0;4
928800;;;HYDROGEL_PACK;XIRECS;9977.0;6
929100;;;VELVETFRUIT_EXTRACT;XIRECS;5277.0;8
929600;;;HYDROGEL_PACK;XIRECS;9987.0;6
929900;;;VELVETFRUIT_EXTRACT;XIRECS;5279.0;7
933200;;;VELVETFRUIT_EXTRACT;XIRECS;5275.0;6
934300;;;VELVETFRUIT_EXTRACT;XIRECS;5278.0;8
934900;;;VEV_5400;XIRECS;16.0;5
934900;;;VEV_5500;XIRECS;5.0;5
934900;;;VEV_6000;XIRECS;0.0;5
934900;;;VEV_6500;XIRECS;0.0;5
935400;;;HYDROGEL_PACK;XIRECS;10017.0;3
936000;;;VELVETFRUIT_EXTRACT;XIRECS;5273.0;7
936600;;;VELVETFRUIT_EXTRACT;XIRECS;5270.0;8
940100;;;HYDROGEL_PACK;XIRECS;10025.0;6
940500;;;HYDROGEL_PACK;XIRECS;10003.0;2
941000;;;VELVETFRUIT_EXTRACT;XIRECS;5274.0;9
941900;;;HYDROGEL_PACK;XIRECS;10006.0;2
942700;;;VELVETFRUIT_EXTRACT;XIRECS;5269.0;3
942800;;;VELVETFRUIT_EXTRACT;XIRECS;5274.0;4
944300;;;HYDROGEL_PACK;XIRECS;9988.0;5
945100;;;VELVETFRUIT_EXTRACT;XIRECS;5278.0;8
945400;;;VELVETFRUIT_EXTRACT;XIRECS;5279.0;3
947900;;;HYDROGEL_PACK;XIRECS;9983.0;6
947900;;;VELVETFRUIT_EXTRACT;XIRECS;5275.0;5
948000;;;VEV_5500;XIRECS;5.0;4
948000;;;VEV_6000;XIRECS;0.0;4
948000;;;VEV_6500;XIRECS;0.0;4
948400;;;HYDROGEL_PACK;XIRECS;10002.0;5
948500;;;VEV_5300;XIRECS;49.0;5
948500;;;VEV_5400;XIRECS;15.0;5
948500;;;VEV_5500;XIRECS;5.0;5
948500;;;VEV_6000;XIRECS;0.0;5
948500;;;VEV_6500;XIRECS;0.0;5
948800;;;VELVETFRUIT_EXTRACT;XIRECS;5278.0;7
948900;;;VELVETFRUIT_EXTRACT;XIRECS;5278.0;5
949800;;;HYDROGEL_PACK;XIRECS;9978.0;6
955900;;;VELVETFRUIT_EXTRACT;XIRECS;5273.0;6
956000;;;VELVETFRUIT_EXTRACT;XIRECS;5276.0;7
957400;;;VELVETFRUIT_EXTRACT;XIRECS;5275.0;5
958400;;;HYDROGEL_PACK;XIRECS;9993.0;4
958700;;;VELVETFRUIT_EXTRACT;XIRECS;5271.0;8
959100;;;VELVETFRUIT_EXTRACT;XIRECS;5274.0;3
959400;;;VELVETFRUIT_EXTRACT;XIRECS;5271.0;7
960400;;;VELVETFRUIT_EXTRACT;XIRECS;5267.0;4
961700;;;HYDROGEL_PACK;XIRECS;9990.0;5
961700;;;VEV_4000;XIRECS;1257.0;3
963700;;;VELVETFRUIT_EXTRACT;XIRECS;5266.0;7
964300;;;VELVETFRUIT_EXTRACT;XIRECS;5264.0;4
965500;;;HYDROGEL_PACK;XIRECS;9998.0;6
965600;;;VEV_4000;XIRECS;1256.0;3
967500;;;HYDROGEL_PACK;XIRECS;10022.0;4
967900;;;VELVETFRUIT_EXTRACT;XIRECS;5262.0;3
968300;;;VELVETFRUIT_EXTRACT;XIRECS;5263.0;8
968600;;;HYDROGEL_PACK;XIRECS;10015.0;5
970000;;;VELVETFRUIT_EXTRACT;XIRECS;5260.0;8
970300;;;HYDROGEL_PACK;XIRECS;10006.0;3
970700;;;VELVETFRUIT_EXTRACT;XIRECS;5265.0;4
972700;;;VELVETFRUIT_EXTRACT;XIRECS;5271.0;8
972800;;;VEV_5300;XIRECS;46.0;2
972800;;;VEV_5500;XIRECS;4.0;2
972800;;;VEV_6000;XIRECS;0.0;2
972800;;;VEV_6500;XIRECS;0.0;2
974300;;;VELVETFRUIT_EXTRACT;XIRECS;5266.0;5
975900;;;VEV_4000;XIRECS;1262.0;1
976200;;;HYDROGEL_PACK;XIRECS;9997.0;2
976800;;;HYDROGEL_PACK;XIRECS;10005.0;2
977200;;;VELVETFRUIT_EXTRACT;XIRECS;5267.0;5
977300;;;VEV_5300;XIRECS;46.0;4
977300;;;VEV_5500;XIRECS;4.0;4
977300;;;VEV_6000;XIRECS;0.0;4
977300;;;VEV_6500;XIRECS;0.0;4
977500;;;VEV_5300;XIRECS;46.0;2
977500;;;VEV_5500;XIRECS;4.0;2
977500;;;VEV_6000;XIRECS;0.0;2
977500;;;VEV_6500;XIRECS;0.0;2
978200;;;VEV_4000;XIRECS;1259.0;2
978400;;;VELVETFRUIT_EXTRACT;XIRECS;5270.0;8
978600;;;HYDROGEL_PACK;XIRECS;9998.0;3
978600;;;VELVETFRUIT_EXTRACT;XIRECS;5272.0;4
978700;;;HYDROGEL_PACK;XIRECS;10000.0;2
981200;;;VELVETFRUIT_EXTRACT;XIRECS;5271.0;3
982000;;;HYDROGEL_PACK;XIRECS;10003.0;2
982500;;;VEV_4000;XIRECS;1263.0;2
983700;;;HYDROGEL_PACK;XIRECS;10005.0;2
984200;;;HYDROGEL_PACK;XIRECS;10009.0;3
984700;;;HYDROGEL_PACK;XIRECS;9984.0;5
985000;;;VELVETFRUIT_EXTRACT;XIRECS;5274.0;4
986100;;;VELVETFRUIT_EXTRACT;XIRECS;5277.0;6
988300;;;VELVETFRUIT_EXTRACT;XIRECS;5284.0;5
992200;;;HYDROGEL_PACK;XIRECS;10029.0;4
992900;;;VELVETFRUIT_EXTRACT;XIRECS;5284.0;8
993200;;;HYDROGEL_PACK;XIRECS;10024.0;6
993500;;;VELVETFRUIT_EXTRACT;XIRECS;5280.0;13
993800;;;VEV_5300;XIRECS;50.0;5
993800;;;VEV_5400;XIRECS;16.0;5
993800;;;VEV_5500;XIRECS;5.0;5
993800;;;VEV_6000;XIRECS;0.0;5
993800;;;VEV_6500;XIRECS;0.0;5
994800;;;HYDROGEL_PACK;XIRECS;10011.0;4
995100;;;VELVETFRUIT_EXTRACT;XIRECS;5289.0;7
996300;;;VELVETFRUIT_EXTRACT;XIRECS;5290.0;3
996500;;;HYDROGEL_PACK;XIRECS;10010.0;2
996500;;;VELVETFRUIT_EXTRACT;XIRECS;5291.0;3
998800;;;VEV_4000;XIRECS;1307.0;3
