timestamp;buyer;seller;symbol;currency;price;quantity
4500;;;VEV_5400;XIRECS;18.0;2
4500;;;VEV_5500;XIRECS;8.0;2
4500;;;VEV_6000;XIRECS;0.0;2
4500;;;VEV_6500;XIRECS;0.0;2
5100;;;HYDROGEL_PACK;XIRECS;9960.0;4
5300;;;VEV_4000;XIRECS;1264.0;2
6100;;;VELVETFRUIT_EXTRACT;XIRECS;5255.0;3
6200;;;HYDROGEL_PACK;XIRECS;9955.0;5
9400;;;VELVETFRUIT_EXTRACT;XIRECS;5244.0;8
9600;;;VEV_5400;XIRECS;16.0;4
9600;;;VEV_5500;XIRECS;7.0;4
9600;;;VEV_6000;XIRECS;0.0;4
9600;;;VEV_6500;XIRECS;0.0;4
10400;;;VELVETFRUIT_EXTRACT;XIRECS;5240.0;12
11800;;;VEV_5500;XIRECS;7.0;4
11800;;;VEV_6000;XIRECS;0.0;4
11800;;;VEV_6500;XIRECS;0.0;4
14300;;;VELVETFRUIT_EXTRACT;XIRECS;5238.0;6
14800;;;VELVETFRUIT_EXTRACT;XIRECS;5232.0;6
14800;;;VEV_5300;XIRECS;42.0;4
14800;;;VEV_5400;XIRECS;14.0;4
14800;;;VEV_5500;XIRECS;6.0;4
14800;;;VEV_6000;XIRECS;0.0;4
14800;;;VEV_6500;XIRECS;0.0;4
15000;;;HYDROGEL_PACK;XIRECS;9966.0;4
16700;;;VEV_4000;XIRECS;1221.0;2
16700;;;VEV_5300;XIRECS;41.0;2
16700;;;VEV_5400;XIRECS;14.0;2
16700;;;VEV_5500;XIRECS;6.0;2
16700;;;VEV_6000;XIRECS;0.0;2
16700;;;VEV_6500;XIRECS;0.0;2
17300;;;VEV_4000;XIRECS;1221.0;1
17400;;;VELVETFRUIT_EXTRACT;XIRECS;5230.0;8
17900;;;VEV_4000;XIRECS;1243.0;1
19300;;;VELVETFRUIT_EXTRACT;XIRECS;5226.0;5
20200;;;VELVETFRUIT_EXTRACT;XIRECS;5224.0;5
22800;;;HYDROGEL_PACK;XIRECS;9946.0;6
25700;;;VEV_4000;XIRECS;1241.0;3
29300;;;VELVETFRUIT_EXTRACT;XIRECS;5237.0;4
30800;;;HYDROGEL_PACK;XIRECS;9940.0;2
31400;;;HYDROGEL_PACK;XIRECS;9953.0;3
31700;;;VELVETFRUIT_EXTRACT;XIRECS;5237.0;4
32000;;;HYDROGEL_PACK;XIRECS;9938.0;5
32600;;;VELVETFRUIT_EXTRACT;XIRECS;5240.0;5
32800;;;VELVETFRUIT_EXTRACT;XIRECS;5238.0;7
33600;;;HYDROGEL_PACK;XIRECS;9948.0;6
36200;;;VEV_4000;XIRECS;1244.0;3
36500;;;VELVETFRUIT_EXTRACT;XIRECS;5232.0;7
37400;;;HYDROGEL_PACK;XIRECS;9936.0;4
38500;;;VEV_5500;XIRECS;6.0;5
38500;;;VEV_6000;XIRECS;0.0;5
38500;;;VEV_6500;XIRECS;0.0;5
38700;;;VELVETFRUIT_EXTRACT;XIRECS;5228.0;8
39400;;;VELVETFRUIT_EXTRACT;XIRECS;5234.0;5
39400;;;VELVETFRUIT_EXTRACT;XIRECS;5233.0;9
39800;;;VELVETFRUIT_EXTRACT;XIRECS;5232.0;4
40400;;;VEV_5300;XIRECS;41.0;4
40400;;;VEV_5400;XIRECS;14.0;4
40400;;;VEV_5500;XIRECS;6.0;4
40400;;;VEV_6000;XIRECS;0.0;4
40400;;;VEV_6500;XIRECS;0.0;4
40900;;;HYDROGEL_PACK;XIRECS;9951.0;5
41300;;;HYDROGEL_PACK;XIRECS;9953.0;5
43400;;;VEV_5400;XIRECS;13.0;5
43400;;;VEV_5500;XIRECS;6.0;5
43400;;;VEV_6000;XIRECS;0.0;5
43400;;;VEV_6500;XIRECS;0.0;5
43600;;;VELVETFRUIT_EXTRACT;XIRECS;5229.0;4
43900;;;HYDROGEL_PACK;XIRECS;9952.0;6
45200;;;HYDROGEL_PACK;XIRECS;9961.0;2
45400;;;VELVETFRUIT_EXTRACT;XIRECS;5241.0;8
47700;;;VELVETFRUIT_EXTRACT;XIRECS;5243.0;4
48300;;;HYDROGEL_PACK;XIRECS;9960.0;3
48900;;;VELVETFRUIT_EXTRACT;XIRECS;5241.0;6
49800;;;VELVETFRUIT_EXTRACT;XIRECS;5244.0;3
50200;;;VEV_4000;XIRECS;1236.0;2
50300;;;VEV_4000;XIRECS;1257.0;3
50700;;;VEV_5400;XIRECS;16.0;5
50700;;;VEV_5500;XIRECS;7.0;5
50700;;;VEV_6000;XIRECS;0.0;5
50700;;;VEV_6500;XIRECS;0.0;5
51700;;;VELVETFRUIT_EXTRACT;XIRECS;5243.0;4
52400;;;HYDROGEL_PACK;XIRECS;9961.0;5
52800;;;VEV_5400;XIRECS;16.0;3
52800;;;VEV_5500;XIRECS;7.0;3
52800;;;VEV_6000;XIRECS;0.0;3
52800;;;VEV_6500;XIRECS;0.0;3
53000;;;HYDROGEL_PACK;XIRECS;9961.0;4
53400;;;VEV_5500;XIRECS;7.0;2
53400;;;VEV_6000;XIRECS;0.0;2
53400;;;VEV_6500;XIRECS;0.0;2
53800;;;VEV_4000;XIRECS;1255.0;2
54400;;;VEV_4000;XIRECS;1234.0;3
57600;;;VEV_4000;XIRECS;1257.0;3
59300;;;HYDROGEL_PACK;XIRECS;9949.0;4
59600;;;VELVETFRUIT_EXTRACT;XIRECS;5244.0;4
60300;;;VELVETFRUIT_EXTRACT;XIRECS;5245.0;5
61100;;;HYDROGEL_PACK;XIRECS;9961.0;2
61400;;;HYDROGEL_PACK;XIRECS;9962.0;2
62100;;;VELVETFRUIT_EXTRACT;XIRECS;5243.0;6
62600;;;VEV_4000;XIRECS;1254.0;1
63100;;;VEV_4000;XIRECS;1252.0;3
63200;;;HYDROGEL_PACK;XIRECS;9950.0;5
63200;;;VELVETFRUIT_EXTRACT;XIRECS;5240.0;8
64200;;;VELVETFRUIT_EXTRACT;XIRECS;5245.0;6
64300;;;HYDROGEL_PACK;XIRECS;9933.0;4
65400;;;HYDROGEL_PACK;XIRECS;9930.0;4
65700;;;VELVETFRUIT_EXTRACT;XIRECS;5240.0;8
65900;;;HYDROGEL_PACK;XIRECS;9935.0;2
67700;;;VELVETFRUIT_EXTRACT;XIRECS;5250.0;4
68000;;;VEV_4000;XIRECS;1258.0;2
69500;;;HYDROGEL_PACK;XIRECS;9952.0;2
70500;;;VEV_4000;XIRECS;1232.0;1
73400;;;VELVETFRUIT_EXTRACT;XIRECS;5237.0;8
73400;;;VELVETFRUIT_EXTRACT;XIRECS;5236.0;6
73500;;;HYDROGEL_PACK;XIRECS;9966.0;3
74100;;;VEV_5300;XIRECS;42.0;3
74100;;;VEV_5400;XIRECS;14.0;3
74100;;;VEV_5500;XIRECS;6.0;3
74100;;;VEV_6000;XIRECS;0.0;3
74100;;;VEV_6500;XIRECS;0.0;3
74300;;;VELVETFRUIT_EXTRACT;XIRECS;5238.0;6
74400;;;VELVETFRUIT_EXTRACT;XIRECS;5235.0;4
76600;;;HYDROGEL_PACK;XIRECS;9995.0;3
77300;;;VELVETFRUIT_EXTRACT;XIRECS;5241.0;8
78300;;;VEV_4000;XIRECS;1229.0;3
78400;;;VELVETFRUIT_EXTRACT;XIRECS;5238.0;7
78500;;;HYDROGEL_PACK;XIRECS;10000.0;4
79000;;;HYDROGEL_PACK;XIRECS;9982.0;3
79800;;;HYDROGEL_PACK;XIRECS;9994.0;6
81300;;;HYDROGEL_PACK;XIRECS;9970.0;6
81700;;;HYDROGEL_PACK;XIRECS;9980.0;3
81900;;;HYDROGEL_PACK;XIRECS;9978.0;2
82300;;;HYDROGEL_PACK;XIRECS;9977.0;3
82300;;;VELVETFRUIT_EXTRACT;XIRECS;5235.0;3
83200;;;VELVETFRUIT_EXTRACT;XIRECS;5237.0;7
84300;;;VEV_4000;XIRECS;1243.0;1
84600;;;VELVETFRUIT_EXTRACT;XIRECS;5233.0;8
85300;;;VEV_5300;XIRECS;42.0;2
85300;;;VEV_5400;XIRECS;14.0;2
85300;;;VEV_5500;XIRECS;6.0;2
85300;;;VEV_6000;XIRECS;0.0;2
85300;;;VEV_6500;XIRECS;0.0;2
86100;;;VEV_5400;XIRECS;14.0;5
86100;;;VEV_5500;XIRECS;6.0;5
86100;;;VEV_6000;XIRECS;0.0;5
86100;;;VEV_6500;XIRECS;0.0;5
87900;;;VELVETFRUIT_EXTRACT;XIRECS;5239.0;3
88500;;;VELVETFRUIT_EXTRACT;XIRECS;5242.0;6
89300;;;VEV_4000;XIRECS;1232.0;3
89800;;;VEV_5300;XIRECS;45.0;4
89800;;;VEV_5400;XIRECS;15.0;4
89800;;;VEV_6000;XIRECS;0.0;4
89800;;;VEV_6500;XIRECS;0.0;4
91100;;;VELVETFRUIT_EXTRACT;XIRECS;5244.0;6
92000;;;VELVETFRUIT_EXTRACT;XIRECS;5243.0;8
92100;;;HYDROGEL_PACK;XIRECS;9955.0;4
92500;;;HYDROGEL_PACK;XIRECS;9956.0;2
93700;;;VELVETFRUIT_EXTRACT;XIRECS;5246.0;6
93800;;;VELVETFRUIT_EXTRACT;XIRECS;5246.0;7
94400;;;HYDROGEL_PACK;XIRECS;9974.0;4
97100;;;HYDROGEL_PACK;XIRECS;9950.0;2
98600;;;HYDROGEL_PACK;XIRECS;9962.0;2
99000;;;HYDROGEL_PACK;XIRECS;9961.0;3
100500;;;VELVETFRUIT_EXTRACT;XIRECS;5248.0;4
101400;;;HYDROGEL_PACK;XIRECS;9936.0;5
101500;;;HYDROGEL_PACK;XIRECS;9935.0;6
102500;;;VEV_4000;XIRECS;1235.0;1
102800;;;VEV_4000;XIRECS;1236.0;1
103100;;;HYDROGEL_PACK;XIRECS;9952.0;4
103500;;;HYDROGEL_PACK;XIRECS;9940.0;3
104400;;;VELVETFRUIT_EXTRACT;XIRECS;5252.0;6
107100;;;HYDROGEL_PACK;XIRECS;9952.0;5
107900;;;VELVETFRUIT_EXTRACT;XIRECS;5267.0;3
109000;;;VELVETFRUIT_EXTRACT;XIRECS;5265.0;12
109100;;;HYDROGEL_PACK;XIRECS;9957.0;2
110100;;;VELVETFRUIT_EXTRACT;XIRECS;5265.0;4
112000;;;VELVETFRUIT_EXTRACT;XIRECS;5260.0;3
112700;;;HYDROGEL_PACK;XIRECS;9948.0;2
113900;;;HYDROGEL_PACK;XIRECS;9956.0;2
115500;;;HYDROGEL_PACK;XIRECS;9937.0;3
118800;;;VELVETFRUIT_EXTRACT;XIRECS;5257.0;3
119400;;;HYDROGEL_PACK;XIRECS;9962.0;3
120300;;;VEV_5400;XIRECS;18.0;4
120300;;;VEV_5500;XIRECS;8.0;4
120300;;;VEV_6000;XIRECS;0.0;4
120300;;;VEV_6500;XIRECS;0.0;4
120700;;;HYDROGEL_PACK;XIRECS;9958.0;2
123300;;;VELVETFRUIT_EXTRACT;XIRECS;5262.0;7
125600;;;VELVETFRUIT_EXTRACT;XIRECS;5265.0;3
126000;;;HYDROGEL_PACK;XIRECS;9953.0;4
127200;;;VEV_5500;XIRECS;8.0;3
127200;;;VEV_6000;XIRECS;0.0;3
127200;;;VEV_6500;XIRECS;0.0;3
129100;;;VEV_4000;XIRECS;1275.0;3
129500;;;HYDROGEL_PACK;XIRECS;9967.0;6
129800;;;HYDROGEL_PACK;XIRECS;9951.0;4
130800;;;HYDROGEL_PACK;XIRECS;9946.0;5
131300;;;VELVETFRUIT_EXTRACT;XIRECS;5265.0;5
131800;;;VELVETFRUIT_EXTRACT;XIRECS;5261.0;5
132600;;;VELVETFRUIT_EXTRACT;XIRECS;5263.0;10
133100;;;VEV_4000;XIRECS;1253.0;3
133700;;;HYDROGEL_PACK;XIRECS;9948.0;4
134000;;;VELVETFRUIT_EXTRACT;XIRECS;5264.0;8
134500;;;HYDROGEL_PACK;XIRECS;9944.0;6
135200;;;VELVETFRUIT_EXTRACT;XIRECS;5264.0;8
135500;;;VELVETFRUIT_EXTRACT;XIRECS;5257.0;7
135900;;;VEV_5300;XIRECS;52.0;3
135900;;;VEV_5400;XIRECS;19.0;3
135900;;;VEV_5500;XIRECS;8.0;3
135900;;;VEV_6000;XIRECS;0.0;3
135900;;;VEV_6500;XIRECS;0.0;3
137000;;;VEV_4000;XIRECS;1252.0;3
137300;;;VEV_4000;XIRECS;1251.0;3
137600;;;VEV_4000;XIRECS;1269.0;3
137800;;;HYDROGEL_PACK;XIRECS;9942.0;3
138000;;;VELVETFRUIT_EXTRACT;XIRECS;5254.0;7
138100;;;HYDROGEL_PACK;XIRECS;9959.0;2
139700;;;VELVETFRUIT_EXTRACT;XIRECS;5257.0;8
140000;;;VELVETFRUIT_EXTRACT;XIRECS;5261.0;5
140100;;;VELVETFRUIT_EXTRACT;XIRECS;5260.0;4
141000;;;VELVETFRUIT_EXTRACT;XIRECS;5260.0;4
142000;;;VELVETFRUIT_EXTRACT;XIRECS;5262.0;6
144500;;;VELVETFRUIT_EXTRACT;XIRECS;5258.0;5
145500;;;VEV_5400;XIRECS;19.0;2
145500;;;VEV_5500;XIRECS;8.0;2
145500;;;VEV_6000;XIRECS;0.0;2
145500;;;VEV_6500;XIRECS;0.0;2
145600;;;HYDROGEL_PACK;XIRECS;9962.0;5
146500;;;HYDROGEL_PACK;XIRECS;9963.0;6
146700;;;VELVETFRUIT_EXTRACT;XIRECS;5260.0;7
147900;;;VEV_4000;XIRECS;1256.0;1
148000;;;HYDROGEL_PACK;XIRECS;9972.0;3
148300;;;VELVETFRUIT_EXTRACT;XIRECS;5265.0;4
150600;;;VEV_5300;XIRECS;53.0;2
150600;;;VEV_5400;XIRECS;20.0;2
150600;;;VEV_5500;XIRECS;8.0;2
150600;;;VEV_6000;XIRECS;0.0;2
150600;;;VEV_6500;XIRECS;0.0;2
150700;;;VELVETFRUIT_EXTRACT;XIRECS;5268.0;7
151100;;;HYDROGEL_PACK;XIRECS;9945.0;4
151200;;;HYDROGEL_PACK;XIRECS;9944.0;6
151400;;;VELVETFRUIT_EXTRACT;XIRECS;5261.0;7
152700;;;HYDROGEL_PACK;XIRECS;9944.0;5
153000;;;VEV_5400;XIRECS;18.0;4
153000;;;VEV_5500;XIRECS;7.0;4
153000;;;VEV_6000;XIRECS;0.0;4
153000;;;VEV_6500;XIRECS;0.0;4
154100;;;VEV_4000;XIRECS;1242.0;3
155900;;;HYDROGEL_PACK;XIRECS;9966.0;4
156200;;;VEV_4000;XIRECS;1237.0;1
156400;;;HYDROGEL_PACK;XIRECS;9949.0;6
159900;;;HYDROGEL_PACK;XIRECS;9961.0;3
161200;;;HYDROGEL_PACK;XIRECS;9956.0;6
163300;;;VELVETFRUIT_EXTRACT;XIRECS;5254.0;10
164000;;;VELVETFRUIT_EXTRACT;XIRECS;5251.0;5
164300;;;HYDROGEL_PACK;XIRECS;9973.0;5
165500;;;VELVETFRUIT_EXTRACT;XIRECS;5250.0;4
167300;;;HYDROGEL_PACK;XIRECS;9957.0;3
167600;;;VELVETFRUIT_EXTRACT;XIRECS;5249.0;6
167600;;;VEV_4000;XIRECS;1242.0;2
168400;;;VELVETFRUIT_EXTRACT;XIRECS;5248.0;3
168500;;;VEV_4000;XIRECS;1261.0;2
168700;;;VEV_4000;XIRECS;1260.0;1
170400;;;VEV_5400;XIRECS;17.0;5
170400;;;VEV_5500;XIRECS;7.0;5
170400;;;VEV_6000;XIRECS;0.0;5
170400;;;VEV_6500;XIRECS;0.0;5
170500;;;VEV_5300;XIRECS;46.0;3
170500;;;VEV_5500;XIRECS;7.0;3
170500;;;VEV_6000;XIRECS;0.0;3
170500;;;VEV_6500;XIRECS;0.0;3
170900;;;VEV_4000;XIRECS;1260.0;3
171400;;;HYDROGEL_PACK;XIRECS;9992.0;6
171700;;;VELVETFRUIT_EXTRACT;XIRECS;5248.0;7
172400;;;VEV_4000;XIRECS;1238.0;1
172500;;;VEV_5300;XIRECS;46.0;5
172500;;;VEV_5400;XIRECS;17.0;5
172500;;;VEV_5500;XIRECS;7.0;5
172500;;;VEV_6000;XIRECS;0.0;5
172500;;;VEV_6500;XIRECS;0.0;5
174200;;;HYDROGEL_PACK;XIRECS;9988.0;5
174400;;;HYDROGEL_PACK;XIRECS;9991.0;6
178000;;;HYDROGEL_PACK;XIRECS;9988.0;3
179200;;;VELVETFRUIT_EXTRACT;XIRECS;5243.0;4
180100;;;VELVETFRUIT_EXTRACT;XIRECS;5248.0;3
182100;;;HYDROGEL_PACK;XIRECS;10012.0;3
182800;;;HYDROGEL_PACK;XIRECS;10010.0;5
184200;;;VEV_4000;XIRECS;1251.0;3
185800;;;HYDROGEL_PACK;XIRECS;10040.0;4
187400;;;VELVETFRUIT_EXTRACT;XIRECS;5235.0;8
187600;;;VELVETFRUIT_EXTRACT;XIRECS;5235.0;5
188400;;;HYDROGEL_PACK;XIRECS;10021.0;4
188800;;;VELVETFRUIT_EXTRACT;XIRECS;5232.0;6
190100;;;VEV_5300;XIRECS;42.0;3
190100;;;VEV_5400;XIRECS;15.0;3
190100;;;VEV_5500;XIRECS;6.0;3
190100;;;VEV_6000;XIRECS;0.0;3
190100;;;VEV_6500;XIRECS;0.0;3
190600;;;VELVETFRUIT_EXTRACT;XIRECS;5234.0;6
190700;;;VELVETFRUIT_EXTRACT;XIRECS;5239.0;3
191100;;;VELVETFRUIT_EXTRACT;XIRECS;5237.0;8
192600;;;VELVETFRUIT_EXTRACT;XIRECS;5231.0;3
192800;;;HYDROGEL_PACK;XIRECS;10007.0;5
193400;;;HYDROGEL_PACK;XIRECS;10026.0;4
194200;;;VEV_4000;XIRECS;1247.0;2
194400;;;VELVETFRUIT_EXTRACT;XIRECS;5234.0;5
195200;;;VELVETFRUIT_EXTRACT;XIRECS;5236.0;3
195600;;;VEV_5300;XIRECS;41.0;3
195600;;;VEV_5400;XIRECS;14.0;3
195600;;;VEV_5500;XIRECS;6.0;3
195600;;;VEV_6000;XIRECS;0.0;3
195600;;;VEV_6500;XIRECS;0.0;3
196100;;;VELVETFRUIT_EXTRACT;XIRECS;5236.0;5
196700;;;VEV_4000;XIRECS;1225.0;1
197600;;;VELVETFRUIT_EXTRACT;XIRECS;5237.0;9
198900;;;VELVETFRUIT_EXTRACT;XIRECS;5243.0;5
199200;;;VELVETFRUIT_EXTRACT;XIRECS;5243.0;5
199400;;;HYDROGEL_PACK;XIRECS;10029.0;3
202300;;;VEV_4000;XIRECS;1252.0;3
202700;;;HYDROGEL_PACK;XIRECS;10033.0;5
203200;;;HYDROGEL_PACK;XIRECS;10014.0;6
203700;;;VELVETFRUIT_EXTRACT;XIRECS;5241.0;3
206200;;;VEV_5400;XIRECS;16.0;3
206200;;;VEV_6000;XIRECS;0.0;3
206200;;;VEV_6500;XIRECS;0.0;3
206600;;;VEV_4000;XIRECS;1255.0;1
206800;;;VELVETFRUIT_EXTRACT;XIRECS;5241.0;6
207600;;;VELVETFRUIT_EXTRACT;XIRECS;5251.0;4
210300;;;VELVETFRUIT_EXTRACT;XIRECS;5250.0;5
210600;;;HYDROGEL_PACK;XIRECS;9990.0;5
211100;;;HYDROGEL_PACK;XIRECS;9996.0;6
213700;;;VELVETFRUIT_EXTRACT;XIRECS;5259.0;5
214400;;;VELVETFRUIT_EXTRACT;XIRECS;5250.0;3
215000;;;VELVETFRUIT_EXTRACT;XIRECS;5249.0;4
216000;;;VEV_4000;XIRECS;1263.0;1
217100;;;VELVETFRUIT_EXTRACT;XIRECS;5257.0;4
217500;;;HYDROGEL_PACK;XIRECS;10011.0;4
217800;;;VEV_4000;XIRECS;1263.0;1
218500;;;HYDROGEL_PACK;XIRECS;10017.0;5
218900;;;HYDROGEL_PACK;XIRECS;10014.0;3
218900;;;VELVETFRUIT_EXTRACT;XIRECS;5249.0;8
221200;;;HYDROGEL_PACK;XIRECS;10011.0;5
221800;;;VELVETFRUIT_EXTRACT;XIRECS;5241.0;7
222900;;;VEV_4000;XIRECS;1236.0;3
223300;;;VEV_4000;XIRECS;1257.0;2
224100;;;VEV_4000;XIRECS;1258.0;2
225100;;;VELVETFRUIT_EXTRACT;XIRECS;5254.0;5
226100;;;HYDROGEL_PACK;XIRECS;9974.0;5
229100;;;VEV_4000;XIRECS;1258.0;1
230000;;;HYDROGEL_PACK;XIRECS;9998.0;4
230800;;;HYDROGEL_PACK;XIRECS;10007.0;3
235300;;;VEV_5400;XIRECS;16.0;3
235300;;;VEV_5500;XIRECS;7.0;3
235300;;;VEV_6000;XIRECS;0.0;3
235300;;;VEV_6500;XIRECS;0.0;3
235900;;;HYDROGEL_PACK;XIRECS;9998.0;3
237900;;;VELVETFRUIT_EXTRACT;XIRECS;5254.0;6
238200;;;HYDROGEL_PACK;XIRECS;10025.0;2
239400;;;VELVETFRUIT_EXTRACT;XIRECS;5251.0;6
239600;;;HYDROGEL_PACK;XIRECS;10006.0;4
239600;;;VELVETFRUIT_EXTRACT;XIRECS;5255.0;5
239700;;;HYDROGEL_PACK;XIRECS;10021.0;6
240200;;;VELVETFRUIT_EXTRACT;XIRECS;5258.0;3
240600;;;HYDROGEL_PACK;XIRECS;10013.0;3
241900;;;HYDROGEL_PACK;XIRECS;10005.0;2
242900;;;VELVETFRUIT_EXTRACT;XIRECS;5254.0;5
245600;;;VELVETFRUIT_EXTRACT;XIRECS;5256.0;6
248200;;;HYDROGEL_PACK;XIRECS;10025.0;5
248300;;;VELVETFRUIT_EXTRACT;XIRECS;5257.0;5
250500;;;VELVETFRUIT_EXTRACT;XIRECS;5260.0;4
250600;;;VEV_4000;XIRECS;1252.0;2
251200;;;VELVETFRUIT_EXTRACT;XIRECS;5262.0;8
251600;;;VEV_4000;XIRECS;1275.0;3
251900;;;VELVETFRUIT_EXTRACT;XIRECS;5263.0;14
252400;;;VELVETFRUIT_EXTRACT;XIRECS;5267.0;6
252500;;;HYDROGEL_PACK;XIRECS;9988.0;3
252500;;;VEV_5300;XIRECS;53.0;2
252500;;;VEV_5400;XIRECS;19.0;2
252500;;;VEV_5500;XIRECS;8.0;2
252500;;;VEV_6000;XIRECS;0.0;2
252500;;;VEV_6500;XIRECS;0.0;2
253900;;;VELVETFRUIT_EXTRACT;XIRECS;5266.0;3
254700;;;HYDROGEL_PACK;XIRECS;9997.0;5
255000;;;HYDROGEL_PACK;XIRECS;9980.0;4
255300;;;HYDROGEL_PACK;XIRECS;9973.0;2
255400;;;HYDROGEL_PACK;XIRECS;9973.0;3
258400;;;VELVETFRUIT_EXTRACT;XIRECS;5257.0;8
262200;;;VELVETFRUIT_EXTRACT;XIRECS;5250.0;4
262300;;;HYDROGEL_PACK;XIRECS;10005.0;4
262800;;;HYDROGEL_PACK;XIRECS;10008.0;2
263100;;;VEV_4000;XIRECS;1268.0;3
263900;;;VELVETFRUIT_EXTRACT;XIRECS;5257.0;7
265400;;;VELVETFRUIT_EXTRACT;XIRECS;5250.0;9
265600;;;VELVETFRUIT_EXTRACT;XIRECS;5248.0;5
265800;;;VELVETFRUIT_EXTRACT;XIRECS;5252.0;7
265900;;;VEV_4000;XIRECS;1240.0;1
266300;;;HYDROGEL_PACK;XIRECS;9999.0;4
266500;;;VELVETFRUIT_EXTRACT;XIRECS;5253.0;5
266600;;;HYDROGEL_PACK;XIRECS;9997.0;4
267400;;;VELVETFRUIT_EXTRACT;XIRECS;5253.0;3
268300;;;VEV_4000;XIRECS;1257.0;2
268700;;;VELVETFRUIT_EXTRACT;XIRECS;5251.0;5
269300;;;HYDROGEL_PACK;XIRECS;9973.0;3
269300;;;VELVETFRUIT_EXTRACT;XIRECS;5247.0;5
271600;;;VEV_4000;XIRECS;1248.0;1
272600;;;VELVETFRUIT_EXTRACT;XIRECS;5261.0;7
274600;;;HYDROGEL_PACK;XIRECS;9989.0;2
275300;;;VELVETFRUIT_EXTRACT;XIRECS;5259.0;8
275700;;;HYDROGEL_PACK;XIRECS;9996.0;2
276500;;;VELVETFRUIT_EXTRACT;XIRECS;5255.0;7
277400;;;VELVETFRUIT_EXTRACT;XIRECS;5254.0;4
278300;;;VELVETFRUIT_EXTRACT;XIRECS;5258.0;5
279600;;;VELVETFRUIT_EXTRACT;XIRECS;5260.0;4
280500;;;HYDROGEL_PACK;XIRECS;9973.0;2
281100;;;HYDROGEL_PACK;XIRECS;9952.0;3
281400;;;VELVETFRUIT_EXTRACT;XIRECS;5253.0;15
281500;;;VEV_4000;XIRECS;1267.0;1
282200;;;HYDROGEL_PACK;XIRECS;9979.0;2
282200;;;VELVETFRUIT_EXTRACT;XIRECS;5260.0;7
283400;;;VELVETFRUIT_EXTRACT;XIRECS;5259.0;7
285400;;;HYDROGEL_PACK;XIRECS;9965.0;5
286300;;;VELVETFRUIT_EXTRACT;XIRECS;5266.0;6
286600;;;VEV_4000;XIRECS;1277.0;2
288800;;;VEV_4000;XIRECS;1278.0;1
289100;;;VELVETFRUIT_EXTRACT;XIRECS;5271.0;5
289200;;;VELVETFRUIT_EXTRACT;XIRECS;5266.0;11
290900;;;HYDROGEL_PACK;XIRECS;9965.0;3
291400;;;VELVETFRUIT_EXTRACT;XIRECS;5274.0;5
291800;;;VELVETFRUIT_EXTRACT;XIRECS;5270.0;5
292400;;;VELVETFRUIT_EXTRACT;XIRECS;5275.0;8
292800;;;HYDROGEL_PACK;XIRECS;9951.0;6
295000;;;HYDROGEL_PACK;XIRECS;9959.0;5
296900;;;VELVETFRUIT_EXTRACT;XIRECS;5270.0;5
297100;;;HYDROGEL_PACK;XIRECS;9958.0;3
297400;;;VELVETFRUIT_EXTRACT;XIRECS;5275.0;4
297500;;;VEV_4000;XIRECS;1262.0;1
301100;;;HYDROGEL_PACK;XIRECS;9966.0;3
301300;;;HYDROGEL_PACK;XIRECS;9967.0;2
302400;;;HYDROGEL_PACK;XIRECS;9936.0;6
304000;;;VEV_5400;XIRECS;19.0;3
304000;;;VEV_5500;XIRECS;8.0;3
304000;;;VEV_6000;XIRECS;0.0;3
304000;;;VEV_6500;XIRECS;0.0;3
304200;;;HYDROGEL_PACK;XIRECS;9944.0;2
306500;;;HYDROGEL_PACK;XIRECS;9967.0;5
307100;;;VEV_4000;XIRECS;1279.0;1
307500;;;VELVETFRUIT_EXTRACT;XIRECS;5275.0;8
308000;;;HYDROGEL_PACK;XIRECS;9943.0;3
308100;;;HYDROGEL_PACK;XIRECS;9945.0;4
308100;;;VELVETFRUIT_EXTRACT;XIRECS;5271.0;6
309500;;;VELVETFRUIT_EXTRACT;XIRECS;5268.0;4
310100;;;VEV_5400;XIRECS;20.0;5
310100;;;VEV_5500;XIRECS;8.0;5
310100;;;VEV_6000;XIRECS;0.0;5
310100;;;VEV_6500;XIRECS;0.0;5
310500;;;VELVETFRUIT_EXTRACT;XIRECS;5266.0;11
310600;;;VELVETFRUIT_EXTRACT;XIRECS;5264.0;3
313000;;;VELVETFRUIT_EXTRACT;XIRECS;5267.0;5
314500;;;VELVETFRUIT_EXTRACT;XIRECS;5251.0;4
316200;;;HYDROGEL_PACK;XIRECS;9939.0;5
317100;;;HYDROGEL_PACK;XIRECS;9929.0;4
318300;;;HYDROGEL_PACK;XIRECS;9950.0;4
318900;;;VELVETFRUIT_EXTRACT;XIRECS;5250.0;4
321900;;;VELVETFRUIT_EXTRACT;XIRECS;5253.0;7
322000;;;VEV_5400;XIRECS;16.0;2
322000;;;VEV_5500;XIRECS;7.0;2
322000;;;VEV_6000;XIRECS;0.0;2
322000;;;VEV_6500;XIRECS;0.0;2
322600;;;VEV_5200;XIRECS;98.0;4
322600;;;VEV_5500;XIRECS;7.0;4
322600;;;VEV_6000;XIRECS;0.0;4
322600;;;VEV_6500;XIRECS;0.0;4
323300;;;HYDROGEL_PACK;XIRECS;9956.0;5
323300;;;VEV_4000;XIRECS;1262.0;3
324100;;;VELVETFRUIT_EXTRACT;XIRECS;5254.0;7
324600;;;HYDROGEL_PACK;XIRECS;9946.0;6
325300;;;VEV_4000;XIRECS;1237.0;2
326300;;;VEV_4000;XIRECS;1261.0;1
327600;;;HYDROGEL_PACK;XIRECS;9928.0;5
327700;;;HYDROGEL_PACK;XIRECS;9946.0;6
328000;;;VEV_4000;XIRECS;1243.0;1
328400;;;VEV_4000;XIRECS;1240.0;1
328500;;;VELVETFRUIT_EXTRACT;XIRECS;5249.0;4
331400;;;VEV_4000;XIRECS;1232.0;1
333100;;;VELVETFRUIT_EXTRACT;XIRECS;5236.0;4
334900;;;VEV_4000;XIRECS;1237.0;1
335300;;;HYDROGEL_PACK;XIRECS;9943.0;5
335300;;;VELVETFRUIT_EXTRACT;XIRECS;5245.0;3
335500;;;HYDROGEL_PACK;XIRECS;9961.0;4
338100;;;HYDROGEL_PACK;XIRECS;9931.0;3
339500;;;HYDROGEL_PACK;XIRECS;9932.0;3
340100;;;VEV_4000;XIRECS;1260.0;2
340500;;;VELVETFRUIT_EXTRACT;XIRECS;5249.0;9
342000;;;VELVETFRUIT_EXTRACT;XIRECS;5249.0;6
342400;;;HYDROGEL_PACK;XIRECS;9944.0;5
343100;;;HYDROGEL_PACK;XIRECS;9966.0;2
343400;;;VELVETFRUIT_EXTRACT;XIRECS;5251.0;13
344000;;;HYDROGEL_PACK;XIRECS;9953.0;5
344200;;;VELVETFRUIT_EXTRACT;XIRECS;5253.0;4
345700;;;HYDROGEL_PACK;XIRECS;9957.0;6
345700;;;VELVETFRUIT_EXTRACT;XIRECS;5245.0;7
345900;;;HYDROGEL_PACK;XIRECS;9958.0;3
348500;;;HYDROGEL_PACK;XIRECS;9964.0;5
350300;;;VEV_5400;XIRECS;15.0;4
350300;;;VEV_5500;XIRECS;6.0;4
350300;;;VEV_6000;XIRECS;0.0;4
350300;;;VEV_6500;XIRECS;0.0;4
350900;;;VEV_4000;XIRECS;1256.0;3
351000;;;HYDROGEL_PACK;XIRECS;9973.0;3
356800;;;VEV_4000;XIRECS;1234.0;2
357100;;;HYDROGEL_PACK;XIRECS;9963.0;6
358100;;;VELVETFRUIT_EXTRACT;XIRECS;5245.0;6
358300;;;VEV_4000;XIRECS;1237.0;3
358500;;;HYDROGEL_PACK;XIRECS;9960.0;6
360600;;;HYDROGEL_PACK;XIRECS;9951.0;2
362700;;;HYDROGEL_PACK;XIRECS;9961.0;3
363100;;;HYDROGEL_PACK;XIRECS;9983.0;4
364800;;;HYDROGEL_PACK;XIRECS;9978.0;5
364900;;;VELVETFRUIT_EXTRACT;XIRECS;5251.0;7
365000;;;VEV_4000;XIRECS;1242.0;2
365600;;;VELVETFRUIT_EXTRACT;XIRECS;5250.0;8
367900;;;VELVETFRUIT_EXTRACT;XIRECS;5248.0;5
368500;;;HYDROGEL_PACK;XIRECS;9983.0;6
371400;;;HYDROGEL_PACK;XIRECS;9953.0;2
373400;;;HYDROGEL_PACK;XIRECS;9970.0;3
373700;;;HYDROGEL_PACK;XIRECS;9954.0;5
374100;;;VELVETFRUIT_EXTRACT;XIRECS;5253.0;6
374400;;;VELVETFRUIT_EXTRACT;XIRECS;5253.0;4
374800;;;VEV_4000;XIRECS;1242.0;3
375100;;;HYDROGEL_PACK;XIRECS;9947.0;2
376300;;;VEV_4000;XIRECS;1236.0;2
376600;;;VEV_5300;XIRECS;46.0;5
376600;;;VEV_5400;XIRECS;15.0;5
376600;;;VEV_5500;XIRECS;6.0;5
376600;;;VEV_6000;XIRECS;0.0;5
376600;;;VEV_6500;XIRECS;0.0;5
377900;;;VEV_5300;XIRECS;47.0;2
377900;;;VEV_5500;XIRECS;6.0;2
377900;;;VEV_6000;XIRECS;0.0;2
377900;;;VEV_6500;XIRECS;0.0;2
380100;;;HYDROGEL_PACK;XIRECS;9957.0;6
380700;;;HYDROGEL_PACK;XIRECS;9948.0;4
380900;;;VELVETFRUIT_EXTRACT;XIRECS;5250.0;8
381700;;;VELVETFRUIT_EXTRACT;XIRECS;5255.0;8
383300;;;HYDROGEL_PACK;XIRECS;9945.0;5
383600;;;HYDROGEL_PACK;XIRECS;9948.0;4
383700;;;VELVETFRUIT_EXTRACT;XIRECS;5246.0;7
384200;;;VEV_4000;XIRECS;1239.0;1
384500;;;VEV_4000;XIRECS;1238.0;3
385800;;;HYDROGEL_PACK;XIRECS;9943.0;6
385900;;;VELVETFRUIT_EXTRACT;XIRECS;5245.0;3
386000;;;VELVETFRUIT_EXTRACT;XIRECS;5244.0;8
386800;;;VEV_4000;XIRECS;1257.0;2
390100;;;VELVETFRUIT_EXTRACT;XIRECS;5244.0;10
390800;;;VEV_4000;XIRECS;1233.0;3
392300;;;VELVETFRUIT_EXTRACT;XIRECS;5242.0;5
393000;;;VELVETFRUIT_EXTRACT;XIRECS;5242.0;4
393900;;;VELVETFRUIT_EXTRACT;XIRECS;5241.0;6
394700;;;VELVETFRUIT_EXTRACT;XIRECS;5237.0;8
394800;;;HYDROGEL_PACK;XIRECS;9941.0;5
396000;;;VELVETFRUIT_EXTRACT;XIRECS;5246.0;8
396200;;;VELVETFRUIT_EXTRACT;XIRECS;5240.0;7
396300;;;HYDROGEL_PACK;XIRECS;9956.0;4
397800;;;HYDROGEL_PACK;XIRECS;9950.0;4
398400;;;VELVETFRUIT_EXTRACT;XIRECS;5235.0;6
399700;;;VEV_5400;XIRECS;14.0;5
399700;;;VEV_5500;XIRECS;6.0;5
399700;;;VEV_6000;XIRECS;0.0;5
399700;;;VEV_6500;XIRECS;0.0;5
399900;;;VEV_4000;XIRECS;1231.0;1
400100;;;VELVETFRUIT_EXTRACT;XIRECS;5240.0;8
401900;;;VELVETFRUIT_EXTRACT;XIRECS;5242.0;8
402400;;;VELVETFRUIT_EXTRACT;XIRECS;5240.0;6
403500;;;VELVETFRUIT_EXTRACT;XIRECS;5239.0;8
403600;;;HYDROGEL_PACK;XIRECS;9922.0;6
404200;;;VELVETFRUIT_EXTRACT;XIRECS;5247.0;4
406400;;;VELVETFRUIT_EXTRACT;XIRECS;5246.0;5
409300;;;HYDROGEL_PACK;XIRECS;9929.0;6
410400;;;VEV_5400;XIRECS;13.0;3
410400;;;VEV_5500;XIRECS;5.0;3
410400;;;VEV_6000;XIRECS;0.0;3
410400;;;VEV_6500;XIRECS;0.0;3
410600;;;VELVETFRUIT_EXTRACT;XIRECS;5239.0;6
411000;;;HYDROGEL_PACK;XIRECS;9951.0;4
411200;;;VELVETFRUIT_EXTRACT;XIRECS;5236.0;7
411300;;;VELVETFRUIT_EXTRACT;XIRECS;5236.0;7
411400;;;HYDROGEL_PACK;XIRECS;9952.0;3
412300;;;HYDROGEL_PACK;XIRECS;9953.0;2
414000;;;HYDROGEL_PACK;XIRECS;9962.0;2
414400;;;HYDROGEL_PACK;XIRECS;9945.0;3
414800;;;HYDROGEL_PACK;XIRECS;9940.0;3
415700;;;VELVETFRUIT_EXTRACT;XIRECS;5234.0;3
419700;;;VEV_4000;XIRECS;1241.0;1
419900;;;VELVETFRUIT_EXTRACT;XIRECS;5231.0;6
421500;;;HYDROGEL_PACK;XIRECS;9946.0;3
424500;;;VELVETFRUIT_EXTRACT;XIRECS;5235.0;7
425400;;;VEV_4000;XIRECS;1246.0;1
426800;;;VELVETFRUIT_EXTRACT;XIRECS;5232.0;8
427000;;;HYDROGEL_PACK;XIRECS;9950.0;2
427600;;;VELVETFRUIT_EXTRACT;XIRECS;5237.0;8
428000;;;VEV_5400;XIRECS;13.0;2
428000;;;VEV_5500;XIRECS;5.0;2
428000;;;VEV_6000;XIRECS;0.0;2
428000;;;VEV_6500;XIRECS;0.0;2
430200;;;VELVETFRUIT_EXTRACT;XIRECS;5230.0;3
431000;;;VELVETFRUIT_EXTRACT;XIRECS;5233.0;5
431700;;;VELVETFRUIT_EXTRACT;XIRECS;5233.0;4
432100;;;VELVETFRUIT_EXTRACT;XIRECS;5234.0;3
435300;;;VELVETFRUIT_EXTRACT;XIRECS;5225.0;8
436200;;;HYDROGEL_PACK;XIRECS;9935.0;5
437100;;;VEV_4000;XIRECS;1233.0;1
437100;;;VEV_4500;XIRECS;733.0;1
437100;;;VEV_5000;XIRECS;238.0;1
437100;;;VEV_5100;XIRECS;152.0;1
437100;;;VEV_5200;XIRECS;87.0;1
437100;;;VEV_5300;XIRECS;41.0;1
437100;;;VEV_5400;XIRECS;13.0;4
437100;;;VEV_5500;XIRECS;5.0;4
437100;;;VEV_6000;XIRECS;0.0;4
437100;;;VEV_6500;XIRECS;0.0;4
438000;;;VELVETFRUIT_EXTRACT;XIRECS;5230.0;7
440300;;;HYDROGEL_PACK;XIRECS;9922.0;2
441300;;;HYDROGEL_PACK;XIRECS;9902.0;2
443600;;;HYDROGEL_PACK;XIRECS;9908.0;2
444000;;;VEV_4000;XIRECS;1230.0;3
444300;;;VELVETFRUIT_EXTRACT;XIRECS;5238.0;7
445900;;;VELVETFRUIT_EXTRACT;XIRECS;5249.0;4
448100;;;VELVETFRUIT_EXTRACT;XIRECS;5254.0;3
448700;;;VEV_4000;XIRECS;1238.0;3
450000;;;HYDROGEL_PACK;XIRECS;9932.0;5
453500;;;VELVETFRUIT_EXTRACT;XIRECS;5245.0;8
453600;;;VELVETFRUIT_EXTRACT;XIRECS;5252.0;4
454800;;;VELVETFRUIT_EXTRACT;XIRECS;5245.0;3
455200;;;VELVETFRUIT_EXTRACT;XIRECS;5244.0;6
455400;;;VEV_4000;XIRECS;1257.0;1
455700;;;VEV_5400;XIRECS;15.0;4
455700;;;VEV_5500;XIRECS;6.0;4
455700;;;VEV_6000;XIRECS;0.0;4
455700;;;VEV_6500;XIRECS;0.0;4
457700;;;HYDROGEL_PACK;XIRECS;9914.0;4
458400;;;VELVETFRUIT_EXTRACT;XIRECS;5248.0;3
459900;;;VELVETFRUIT_EXTRACT;XIRECS;5252.0;8
459900;;;VEV_4000;XIRECS;1239.0;2
460400;;;VEV_5300;XIRECS;47.0;3
460400;;;VEV_5400;XIRECS;16.0;3
460400;;;VEV_5500;XIRECS;6.0;3
460400;;;VEV_6000;XIRECS;0.0;3
460400;;;VEV_6500;XIRECS;0.0;3
460700;;;VELVETFRUIT_EXTRACT;XIRECS;5254.0;6
462300;;;VELVETFRUIT_EXTRACT;XIRECS;5259.0;8
462500;;;HYDROGEL_PACK;XIRECS;9932.0;2
464200;;;VEV_4000;XIRECS;1241.0;1
465300;;;VELVETFRUIT_EXTRACT;XIRECS;5255.0;8
468000;;;VELVETFRUIT_EXTRACT;XIRECS;5247.0;3
469300;;;VELVETFRUIT_EXTRACT;XIRECS;5252.0;6
469600;;;VELVETFRUIT_EXTRACT;XIRECS;5252.0;7
470400;;;VELVETFRUIT_EXTRACT;XIRECS;5257.0;4
472600;;;VELVETFRUIT_EXTRACT;XIRECS;5249.0;3
475400;;;VELVETFRUIT_EXTRACT;XIRECS;5254.0;7
475500;;;VEV_4000;XIRECS;1244.0;1
476200;;;HYDROGEL_PACK;XIRECS;9959.0;3
476500;;;VEV_5400;XIRECS;17.0;2
476500;;;VEV_5500;XIRECS;7.0;2
476500;;;VEV_6000;XIRECS;0.0;2
476500;;;VEV_6500;XIRECS;0.0;2
477600;;;HYDROGEL_PACK;XIRECS;9941.0;5
477900;;;VELVETFRUIT_EXTRACT;XIRECS;5258.0;5
478900;;;VELVETFRUIT_EXTRACT;XIRECS;5250.0;4
479100;;;HYDROGEL_PACK;XIRECS;9973.0;5
480100;;;VELVETFRUIT_EXTRACT;XIRECS;5250.0;10
480700;;;VEV_4000;XIRECS;1259.0;2
480900;;;VEV_4000;XIRECS;1239.0;2
481300;;;VEV_4000;XIRECS;1257.0;3
483100;;;VELVETFRUIT_EXTRACT;XIRECS;5245.0;8
483200;;;VEV_4000;XIRECS;1252.0;3
483800;;;VELVETFRUIT_EXTRACT;XIRECS;5238.0;7
485300;;;HYDROGEL_PACK;XIRECS;9952.0;3
486400;;;VELVETFRUIT_EXTRACT;XIRECS;5239.0;7
489600;;;HYDROGEL_PACK;XIRECS;9948.0;4
489700;;;VELVETFRUIT_EXTRACT;XIRECS;5237.0;6
489700;;;VEV_5300;XIRECS;43.0;4
489700;;;VEV_5400;XIRECS;14.0;4
489700;;;VEV_5500;XIRECS;5.0;4
489700;;;VEV_6000;XIRECS;0.0;4
489700;;;VEV_6500;XIRECS;0.0;4
490900;;;VELVETFRUIT_EXTRACT;XIRECS;5246.0;5
491100;;;VEV_4000;XIRECS;1233.0;3
492100;;;VELVETFRUIT_EXTRACT;XIRECS;5241.0;5
493900;;;VELVETFRUIT_EXTRACT;XIRECS;5237.0;3
494500;;;HYDROGEL_PACK;XIRECS;9975.0;4
494700;;;VEV_4000;XIRECS;1228.0;2
495300;;;HYDROGEL_PACK;XIRECS;9964.0;5
496200;;;VELVETFRUIT_EXTRACT;XIRECS;5239.0;5
496300;;;VEV_4000;XIRECS;1230.0;2
498200;;;VELVETFRUIT_EXTRACT;XIRECS;5241.0;5
498400;;;VELVETFRUIT_EXTRACT;XIRECS;5238.0;7
499900;;;HYDROGEL_PACK;XIRECS;9990.0;6
500800;;;HYDROGEL_PACK;XIRECS;9987.0;4
501400;;;HYDROGEL_PACK;XIRECS;9987.0;6
502000;;;HYDROGEL_PACK;XIRECS;9985.0;3
502700;;;VEV_5500;XIRECS;6.0;2
502700;;;VEV_6000;XIRECS;0.0;2
502700;;;VEV_6500;XIRECS;0.0;2
503500;;;HYDROGEL_PACK;XIRECS;9994.0;6
503500;;;VEV_4000;XIRECS;1240.0;3
505300;;;VELVETFRUIT_EXTRACT;XIRECS;5256.0;3
506200;;;VELVETFRUIT_EXTRACT;XIRECS;5254.0;5
507200;;;HYDROGEL_PACK;XIRECS;10012.0;4
507800;;;HYDROGEL_PACK;XIRECS;9992.0;6
509100;;;VEV_4000;XIRECS;1250.0;3
509700;;;VELVETFRUIT_EXTRACT;XIRECS;5260.0;13
509900;;;HYDROGEL_PACK;XIRECS;10005.0;5
510100;;;HYDROGEL_PACK;XIRECS;10003.0;3
513200;;;HYDROGEL_PACK;XIRECS;10010.0;5
514100;;;VELVETFRUIT_EXTRACT;XIRECS;5263.0;7
514500;;;VELVETFRUIT_EXTRACT;XIRECS;5265.0;6
515200;;;HYDROGEL_PACK;XIRECS;10000.0;4
516800;;;VELVETFRUIT_EXTRACT;XIRECS;5261.0;5
517900;;;VEV_4000;XIRECS;1249.0;1
518800;;;VEV_4000;XIRECS;1271.0;1
519000;;;HYDROGEL_PACK;XIRECS;10002.0;5
519100;;;VEV_4000;XIRECS;1246.0;2
519400;;;HYDROGEL_PACK;XIRECS;10017.0;2
519500;;;VEV_5300;XIRECS;50.0;4
519500;;;VEV_5400;XIRECS;17.0;4
519500;;;VEV_5500;XIRECS;6.0;4
519500;;;VEV_6000;XIRECS;0.0;4
519500;;;VEV_6500;XIRECS;0.0;4
520400;;;HYDROGEL_PACK;XIRECS;10019.0;2
520500;;;VELVETFRUIT_EXTRACT;XIRECS;5256.0;4
521100;;;VEV_4000;XIRECS;1248.0;2
521800;;;VELVETFRUIT_EXTRACT;XIRECS;5265.0;3
523300;;;VELVETFRUIT_EXTRACT;XIRECS;5262.0;3
524000;;;VEV_5400;XIRECS;17.0;4
524000;;;VEV_5500;XIRECS;7.0;4
524000;;;VEV_6000;XIRECS;0.0;4
524000;;;VEV_6500;XIRECS;0.0;4
524500;;;VELVETFRUIT_EXTRACT;XIRECS;5259.0;7
525500;;;VEV_4000;XIRECS;1247.0;1
526200;;;VELVETFRUIT_EXTRACT;XIRECS;5250.0;8
526600;;;HYDROGEL_PACK;XIRECS;10021.0;4
527700;;;HYDROGEL_PACK;XIRECS;10021.0;6
527700;;;VELVETFRUIT_EXTRACT;XIRECS;5255.0;6
528600;;;VELVETFRUIT_EXTRACT;XIRECS;5254.0;4
529400;;;VELVETFRUIT_EXTRACT;XIRECS;5256.0;4
530000;;;VELVETFRUIT_EXTRACT;XIRECS;5249.0;6
530300;;;HYDROGEL_PACK;XIRECS;10010.0;3
530600;;;HYDROGEL_PACK;XIRECS;10010.0;5
533100;;;HYDROGEL_PACK;XIRECS;10029.0;2
533400;;;HYDROGEL_PACK;XIRECS;10030.0;5
534100;;;VELVETFRUIT_EXTRACT;XIRECS;5244.0;3
534800;;;HYDROGEL_PACK;XIRECS;10018.0;3
537500;;;HYDROGEL_PACK;XIRECS;10014.0;2
537500;;;VELVETFRUIT_EXTRACT;XIRECS;5241.0;4
537900;;;VELVETFRUIT_EXTRACT;XIRECS;5239.0;6
538000;;;HYDROGEL_PACK;XIRECS;10024.0;2
538900;;;HYDROGEL_PACK;XIRECS;10022.0;6
540700;;;VELVETFRUIT_EXTRACT;XIRECS;5238.0;7
542600;;;HYDROGEL_PACK;XIRECS;10012.0;6
544300;;;VELVETFRUIT_EXTRACT;XIRECS;5236.0;4
544400;;;VELVETFRUIT_EXTRACT;XIRECS;5240.0;6
544500;;;VEV_4000;XIRECS;1246.0;2
545000;;;VELVETFRUIT_EXTRACT;XIRECS;5235.0;4
547600;;;VEV_5400;XIRECS;12.0;4
547600;;;VEV_6000;XIRECS;0.0;4
547600;;;VEV_6500;XIRECS;0.0;4
547800;;;VELVETFRUIT_EXTRACT;XIRECS;5232.0;3
548400;;;VEV_5400;XIRECS;12.0;5
548400;;;VEV_6000;XIRECS;0.0;5
548400;;;VEV_6500;XIRECS;0.0;5
549800;;;VELVETFRUIT_EXTRACT;XIRECS;5236.0;5
550300;;;VEV_4000;XIRECS;1242.0;1
550400;;;HYDROGEL_PACK;XIRECS;9998.0;2
550900;;;VEV_4000;XIRECS;1221.0;2
551600;;;VELVETFRUIT_EXTRACT;XIRECS;5234.0;8
552600;;;VEV_4000;XIRECS;1244.0;3
553100;;;VEV_5300;XIRECS;39.0;4
553100;;;VEV_5500;XIRECS;4.0;4
553100;;;VEV_6000;XIRECS;0.0;4
553100;;;VEV_6500;XIRECS;0.0;4
553300;;;HYDROGEL_PACK;XIRECS;10032.0;6
556400;;;VELVETFRUIT_EXTRACT;XIRECS;5228.0;8
556900;;;VEV_4000;XIRECS;1219.0;3
557200;;;VELVETFRUIT_EXTRACT;XIRECS;5225.0;4
563500;;;VELVETFRUIT_EXTRACT;XIRECS;5226.0;8
563600;;;HYDROGEL_PACK;XIRECS;9991.0;2
564000;;;VELVETFRUIT_EXTRACT;XIRECS;5231.0;12
564300;;;VEV_5200;XIRECS;84.0;2
564300;;;VEV_5300;XIRECS;40.0;2
564300;;;VEV_5400;XIRECS;12.0;2
564300;;;VEV_5500;XIRECS;4.0;2
564300;;;VEV_6000;XIRECS;0.0;2
564300;;;VEV_6500;XIRECS;0.0;2
564900;;;VELVETFRUIT_EXTRACT;XIRECS;5236.0;6
565500;;;VELVETFRUIT_EXTRACT;XIRECS;5239.0;7
566100;;;HYDROGEL_PACK;XIRECS;10011.0;4
567200;;;VEV_5400;XIRECS;13.0;2
567200;;;VEV_5500;XIRECS;5.0;2
567200;;;VEV_6000;XIRECS;0.0;2
567200;;;VEV_6500;XIRECS;0.0;2
567700;;;VEV_4000;XIRECS;1246.0;1
568200;;;VELVETFRUIT_EXTRACT;XIRECS;5237.0;7
568700;;;HYDROGEL_PACK;XIRECS;10000.0;5
568800;;;VEV_4000;XIRECS;1250.0;2
568900;;;VEV_5300;XIRECS;43.0;4
568900;;;VEV_5400;XIRECS;13.0;4
568900;;;VEV_5500;XIRECS;5.0;4
568900;;;VEV_6000;XIRECS;0.0;4
568900;;;VEV_6500;XIRECS;0.0;4
569900;;;VEV_4000;XIRECS;1227.0;1
570200;;;VELVETFRUIT_EXTRACT;XIRECS;5236.0;7
571600;;;VELVETFRUIT_EXTRACT;XIRECS;5235.0;7
574000;;;VELVETFRUIT_EXTRACT;XIRECS;5238.0;3
574800;;;VEV_5400;XIRECS;12.0;2
574800;;;VEV_5500;XIRECS;4.0;2
574800;;;VEV_6000;XIRECS;0.0;2
574800;;;VEV_6500;XIRECS;0.0;2
575800;;;VELVETFRUIT_EXTRACT;XIRECS;5235.0;8
575800;;;VEV_5500;XIRECS;5.0;5
575800;;;VEV_6000;XIRECS;0.0;5
575800;;;VEV_6500;XIRECS;0.0;5
576400;;;VELVETFRUIT_EXTRACT;XIRECS;5233.0;3
576700;;;VEV_4000;XIRECS;1245.0;2
578400;;;VELVETFRUIT_EXTRACT;XIRECS;5237.0;5
578600;;;HYDROGEL_PACK;XIRECS;10014.0;3
578800;;;HYDROGEL_PACK;XIRECS;9998.0;6
580600;;;HYDROGEL_PACK;XIRECS;10001.0;4
581100;;;VELVETFRUIT_EXTRACT;XIRECS;5240.0;7
581700;;;VELVETFRUIT_EXTRACT;XIRECS;5237.0;3
582900;;;VELVETFRUIT_EXTRACT;XIRECS;5236.0;9
584800;;;VELVETFRUIT_EXTRACT;XIRECS;5234.0;7
584900;;;VELVETFRUIT_EXTRACT;XIRECS;5234.0;7
587200;;;VELVETFRUIT_EXTRACT;XIRECS;5242.0;3
588200;;;VEV_5300;XIRECS;45.0;4
588200;;;VEV_5400;XIRECS;14.0;4
588200;;;VEV_5500;XIRECS;5.0;4
588200;;;VEV_6000;XIRECS;0.0;4
588200;;;VEV_6500;XIRECS;0.0;4
588600;;;VELVETFRUIT_EXTRACT;XIRECS;5245.0;5
589100;;;VEV_4000;XIRECS;1234.0;3
590100;;;HYDROGEL_PACK;XIRECS;9989.0;2
594900;;;VELVETFRUIT_EXTRACT;XIRECS;5239.0;4
595300;;;VELVETFRUIT_EXTRACT;XIRECS;5238.0;8
596300;;;HYDROGEL_PACK;XIRECS;10027.0;2
597200;;;VELVETFRUIT_EXTRACT;XIRECS;5237.0;7
597400;;;VELVETFRUIT_EXTRACT;XIRECS;5237.0;4
599600;;;VEV_4000;XIRECS;1226.0;1
600000;;;VELVETFRUIT_EXTRACT;XIRECS;5237.0;7
600100;;;VEV_4000;XIRECS;1223.0;2
600400;;;HYDROGEL_PACK;XIRECS;10035.0;4
601200;;;VEV_4000;XIRECS;1223.0;1
601700;;;HYDROGEL_PACK;XIRECS;10013.0;2
603000;;;VELVETFRUIT_EXTRACT;XIRECS;5234.0;6
604600;;;VEV_5300;XIRECS;39.0;5
604600;;;VEV_5400;XIRECS;11.0;5
604600;;;VEV_5500;XIRECS;4.0;5
604600;;;VEV_6000;XIRECS;0.0;5
604600;;;VEV_6500;XIRECS;0.0;5
604700;;;HYDROGEL_PACK;XIRECS;10017.0;5
605700;;;VELVETFRUIT_EXTRACT;XIRECS;5226.0;7
606400;;;HYDROGEL_PACK;XIRECS;10020.0;5
608100;;;VEV_4000;XIRECS;1230.0;2
608500;;;VELVETFRUIT_EXTRACT;XIRECS;5218.0;10
609900;;;VELVETFRUIT_EXTRACT;XIRECS;5222.0;6
612500;;;VELVETFRUIT_EXTRACT;XIRECS;5219.0;5
612900;;;VELVETFRUIT_EXTRACT;XIRECS;5225.0;10
612900;;;VELVETFRUIT_EXTRACT;XIRECS;5223.0;8
614100;;;HYDROGEL_PACK;XIRECS;9998.0;4
616300;;;VELVETFRUIT_EXTRACT;XIRECS;5228.0;5
617400;;;VELVETFRUIT_EXTRACT;XIRECS;5231.0;7
617900;;;VEV_5300;XIRECS;40.0;2
617900;;;VEV_5400;XIRECS;12.0;2
617900;;;VEV_5500;XIRECS;4.0;2
617900;;;VEV_6000;XIRECS;0.0;2
617900;;;VEV_6500;XIRECS;0.0;2
618300;;;VEV_5300;XIRECS;40.0;2
618300;;;VEV_5400;XIRECS;12.0;2
618300;;;VEV_5500;XIRECS;4.0;2
618300;;;VEV_6000;XIRECS;0.0;2
618300;;;VEV_6500;XIRECS;0.0;2
618900;;;VELVETFRUIT_EXTRACT;XIRECS;5231.0;3
619800;;;VELVETFRUIT_EXTRACT;XIRECS;5236.0;7
620500;;;VELVETFRUIT_EXTRACT;XIRECS;5235.0;3
621700;;;VEV_4000;XIRECS;1245.0;3
621800;;;HYDROGEL_PACK;XIRECS;9993.0;2
621900;;;VELVETFRUIT_EXTRACT;XIRECS;5236.0;6
622400;;;VELVETFRUIT_EXTRACT;XIRECS;5235.0;13
622800;;;VEV_4000;XIRECS;1227.0;1
624400;;;VEV_5200;XIRECS;88.0;2
624400;;;VEV_5300;XIRECS;42.0;2
624400;;;VEV_5400;XIRECS;13.0;2
624400;;;VEV_5500;XIRECS;5.0;2
624400;;;VEV_6000;XIRECS;0.0;2
624400;;;VEV_6500;XIRECS;0.0;2
624700;;;VELVETFRUIT_EXTRACT;XIRECS;5242.0;5
625100;;;HYDROGEL_PACK;XIRECS;10004.0;2
626000;;;VELVETFRUIT_EXTRACT;XIRECS;5232.0;4
628100;;;VELVETFRUIT_EXTRACT;XIRECS;5231.0;6
628300;;;VELVETFRUIT_EXTRACT;XIRECS;5225.0;7
630400;;;HYDROGEL_PACK;XIRECS;10019.0;5
631500;;;VEV_4000;XIRECS;1230.0;3
631700;;;VEV_5400;XIRECS;10.0;3
631700;;;VEV_6000;XIRECS;0.0;3
631700;;;VEV_6500;XIRECS;0.0;3
632800;;;VELVETFRUIT_EXTRACT;XIRECS;5216.0;7
634500;;;VELVETFRUIT_EXTRACT;XIRECS;5218.0;5
634800;;;VELVETFRUIT_EXTRACT;XIRECS;5214.0;6
634800;;;VELVETFRUIT_EXTRACT;XIRECS;5216.0;8
634900;;;HYDROGEL_PACK;XIRECS;10010.0;2
635700;;;HYDROGEL_PACK;XIRECS;10034.0;3
636100;;;VEV_5200;XIRECS;79.0;4
636100;;;VEV_5300;XIRECS;37.0;4
636100;;;VEV_5500;XIRECS;4.0;4
636100;;;VEV_6000;XIRECS;0.0;4
636100;;;VEV_6500;XIRECS;0.0;4
637500;;;HYDROGEL_PACK;XIRECS;10018.0;4
640300;;;HYDROGEL_PACK;XIRECS;10029.0;3
640500;;;VELVETFRUIT_EXTRACT;XIRECS;5212.0;3
640700;;;HYDROGEL_PACK;XIRECS;10042.0;4
642100;;;VEV_5200;XIRECS;74.0;4
642100;;;VEV_5300;XIRECS;34.0;4
642100;;;VEV_5400;XIRECS;9.0;4
642100;;;VEV_5500;XIRECS;3.0;4
642100;;;VEV_6000;XIRECS;0.0;4
642100;;;VEV_6500;XIRECS;0.0;4
644900;;;VELVETFRUIT_EXTRACT;XIRECS;5210.0;6
645000;;;VEV_4000;XIRECS;1218.0;3
646100;;;VELVETFRUIT_EXTRACT;XIRECS;5211.0;3
647000;;;HYDROGEL_PACK;XIRECS;10003.0;3
647200;;;VEV_4000;XIRECS;1196.0;3
647400;;;HYDROGEL_PACK;XIRECS;9993.0;2
647600;;;HYDROGEL_PACK;XIRECS;9991.0;4
647900;;;HYDROGEL_PACK;XIRECS;9989.0;6
648200;;;VELVETFRUIT_EXTRACT;XIRECS;5208.0;6
648400;;;HYDROGEL_PACK;XIRECS;10001.0;2
650300;;;VELVETFRUIT_EXTRACT;XIRECS;5198.0;6
652100;;;VELVETFRUIT_EXTRACT;XIRECS;5198.0;6
652800;;;HYDROGEL_PACK;XIRECS;9979.0;2
653200;;;HYDROGEL_PACK;XIRECS;9975.0;6
653300;;;HYDROGEL_PACK;XIRECS;9974.0;5
654200;;;VEV_5400;XIRECS;8.0;2
654200;;;VEV_5500;XIRECS;3.0;2
654200;;;VEV_6000;XIRECS;0.0;2
654200;;;VEV_6500;XIRECS;0.0;2
654300;;;VELVETFRUIT_EXTRACT;XIRECS;5205.0;8
655100;;;VELVETFRUIT_EXTRACT;XIRECS;5210.0;8
657800;;;VELVETFRUIT_EXTRACT;XIRECS;5213.0;5
659200;;;VELVETFRUIT_EXTRACT;XIRECS;5215.0;7
661300;;;HYDROGEL_PACK;XIRECS;10011.0;6
666100;;;HYDROGEL_PACK;XIRECS;10028.0;3
666500;;;VELVETFRUIT_EXTRACT;XIRECS;5220.0;7
667400;;;VELVETFRUIT_EXTRACT;XIRECS;5227.0;6
669200;;;HYDROGEL_PACK;XIRECS;10027.0;4
669900;;;VELVETFRUIT_EXTRACT;XIRECS;5216.0;7
671200;;;VEV_4000;XIRECS;1209.0;3
673800;;;HYDROGEL_PACK;XIRECS;10000.0;4
674000;;;VEV_5300;XIRECS;37.0;3
674000;;;VEV_5400;XIRECS;10.0;3
674000;;;VEV_5500;XIRECS;4.0;3
674000;;;VEV_6000;XIRECS;0.0;3
674000;;;VEV_6500;XIRECS;0.0;3
675700;;;VEV_4000;XIRECS;1218.0;1
679600;;;VELVETFRUIT_EXTRACT;XIRECS;5227.0;6
680600;;;VEV_4000;XIRECS;1212.0;3
680800;;;HYDROGEL_PACK;XIRECS;9994.0;2
681500;;;HYDROGEL_PACK;XIRECS;10005.0;5
682600;;;VEV_4000;XIRECS;1214.0;1
684000;;;VEV_5400;XIRECS;11.0;5
684000;;;VEV_5500;XIRECS;4.0;5
684000;;;VEV_6000;XIRECS;0.0;5
684000;;;VEV_6500;XIRECS;0.0;5
684500;;;HYDROGEL_PACK;XIRECS;9989.0;2
685200;;;VELVETFRUIT_EXTRACT;XIRECS;5231.0;6
688400;;;VELVETFRUIT_EXTRACT;XIRECS;5236.0;6
688600;;;VELVETFRUIT_EXTRACT;XIRECS;5237.0;5
688900;;;VEV_4000;XIRECS;1226.0;2
690500;;;HYDROGEL_PACK;XIRECS;10013.0;5
693000;;;VELVETFRUIT_EXTRACT;XIRECS;5230.0;8
693600;;;VELVETFRUIT_EXTRACT;XIRECS;5235.0;5
694600;;;VELVETFRUIT_EXTRACT;XIRECS;5237.0;3
694900;;;HYDROGEL_PACK;XIRECS;10011.0;3
695200;;;HYDROGEL_PACK;XIRECS;10010.0;6
695900;;;HYDROGEL_PACK;XIRECS;10034.0;6
696000;;;VEV_4000;XIRECS;1227.0;3
698300;;;HYDROGEL_PACK;XIRECS;10048.0;5
699100;;;HYDROGEL_PACK;XIRECS;10035.0;5
700400;;;HYDROGEL_PACK;XIRECS;10052.0;5
701200;;;HYDROGEL_PACK;XIRECS;10052.0;5
701200;;;VEV_5400;XIRECS;13.0;2
701200;;;VEV_5500;XIRECS;5.0;2
701200;;;VEV_6000;XIRECS;0.0;2
701200;;;VEV_6500;XIRECS;0.0;2
701500;;;HYDROGEL_PACK;XIRECS;10054.0;3
702500;;;VELVETFRUIT_EXTRACT;XIRECS;5248.0;4
702700;;;VELVETFRUIT_EXTRACT;XIRECS;5249.0;8
703000;;;HYDROGEL_PACK;XIRECS;10027.0;3
703100;;;VELVETFRUIT_EXTRACT;XIRECS;5249.0;7
703200;;;VEV_5400;XIRECS;14.0;5
703200;;;VEV_5500;XIRECS;6.0;5
703200;;;VEV_6000;XIRECS;0.0;5
703200;;;VEV_6500;XIRECS;0.0;5
704700;;;VELVETFRUIT_EXTRACT;XIRECS;5257.0;8
707100;;;HYDROGEL_PACK;XIRECS;10056.0;3
710500;;;VEV_5300;XIRECS;49.0;5
710500;;;VEV_5400;XIRECS;15.0;5
710500;;;VEV_5500;XIRECS;6.0;5
710500;;;VEV_6000;XIRECS;0.0;5
710500;;;VEV_6500;XIRECS;0.0;5
713400;;;VELVETFRUIT_EXTRACT;XIRECS;5269.0;13
713900;;;VELVETFRUIT_EXTRACT;XIRECS;5275.0;6
715000;;;VEV_5400;XIRECS;18.0;5
715000;;;VEV_5500;XIRECS;7.0;5
715000;;;VEV_6000;XIRECS;0.0;5
715000;;;VEV_6500;XIRECS;0.0;5
716000;;;VELVETFRUIT_EXTRACT;XIRECS;5270.0;7
716700;;;HYDROGEL_PACK;XIRECS;10059.0;3
719600;;;VEV_4000;XIRECS;1254.0;2
720500;;;VELVETFRUIT_EXTRACT;XIRECS;5264.0;6
720500;;;VEV_5300;XIRECS;53.0;2
720500;;;VEV_5400;XIRECS;17.0;2
720500;;;VEV_5500;XIRECS;7.0;2
720500;;;VEV_6000;XIRECS;0.0;2
720500;;;VEV_6500;XIRECS;0.0;2
721200;;;VELVETFRUIT_EXTRACT;XIRECS;5263.0;4
721900;;;VEV_4000;XIRECS;1253.0;3
722300;;;VELVETFRUIT_EXTRACT;XIRECS;5265.0;6
724400;;;HYDROGEL_PACK;XIRECS;10065.0;5
725000;;;VEV_5300;XIRECS;53.0;4
725000;;;VEV_5400;XIRECS;17.0;4
725000;;;VEV_5500;XIRECS;7.0;4
725000;;;VEV_6000;XIRECS;0.0;4
725000;;;VEV_6500;XIRECS;0.0;4
725400;;;VELVETFRUIT_EXTRACT;XIRECS;5267.0;5
725800;;;HYDROGEL_PACK;XIRECS;10068.0;6
725800;;;VELVETFRUIT_EXTRACT;XIRECS;5265.0;8
726600;;;VELVETFRUIT_EXTRACT;XIRECS;5264.0;7
726700;;;HYDROGEL_PACK;XIRECS;10075.0;3
727900;;;HYDROGEL_PACK;XIRECS;10075.0;4
728300;;;VELVETFRUIT_EXTRACT;XIRECS;5261.0;5
729700;;;HYDROGEL_PACK;XIRECS;10072.0;3
730800;;;HYDROGEL_PACK;XIRECS;10057.0;6
731000;;;HYDROGEL_PACK;XIRECS;10074.0;4
731200;;;VELVETFRUIT_EXTRACT;XIRECS;5276.0;4
732700;;;HYDROGEL_PACK;XIRECS;10035.0;2
735100;;;VEV_5400;XIRECS;21.0;4
735100;;;VEV_5500;XIRECS;9.0;4
735100;;;VEV_6000;XIRECS;0.0;4
735100;;;VEV_6500;XIRECS;0.0;4
738100;;;VEV_4000;XIRECS;1282.0;2
741200;;;HYDROGEL_PACK;XIRECS;10052.0;2
741600;;;VELVETFRUIT_EXTRACT;XIRECS;5263.0;5
741900;;;VEV_5400;XIRECS;17.0;4
741900;;;VEV_5500;XIRECS;7.0;4
741900;;;VEV_6000;XIRECS;0.0;4
741900;;;VEV_6500;XIRECS;0.0;4
742700;;;HYDROGEL_PACK;XIRECS;10052.0;2
743600;;;VEV_4000;XIRECS;1259.0;3
743800;;;VEV_4000;XIRECS;1279.0;3
745000;;;HYDROGEL_PACK;XIRECS;10036.0;6
746300;;;VEV_5400;XIRECS;20.0;4
746300;;;VEV_5500;XIRECS;8.0;4
746300;;;VEV_6000;XIRECS;0.0;4
746300;;;VEV_6500;XIRECS;0.0;4
747400;;;VEV_4000;XIRECS;1264.0;3
747700;;;VEV_4000;XIRECS;1261.0;3
749700;;;VELVETFRUIT_EXTRACT;XIRECS;5277.0;5
749800;;;HYDROGEL_PACK;XIRECS;10044.0;2
750500;;;VELVETFRUIT_EXTRACT;XIRECS;5273.0;7
752500;;;VELVETFRUIT_EXTRACT;XIRECS;5272.0;3
753400;;;VEV_4000;XIRECS;1253.0;3
754200;;;VEV_5400;XIRECS;16.0;3
754200;;;VEV_5500;XIRECS;6.0;3
754200;;;VEV_6000;XIRECS;0.0;3
754200;;;VEV_6500;XIRECS;0.0;3
755800;;;VELVETFRUIT_EXTRACT;XIRECS;5260.0;4
756300;;;VEV_4000;XIRECS;1276.0;2
756600;;;HYDROGEL_PACK;XIRECS;10062.0;6
759100;;;HYDROGEL_PACK;XIRECS;10073.0;5
760000;;;VEV_5400;XIRECS;19.0;2
760000;;;VEV_5500;XIRECS;8.0;2
760000;;;VEV_6000;XIRECS;0.0;2
760000;;;VEV_6500;XIRECS;0.0;2
760200;;;VELVETFRUIT_EXTRACT;XIRECS;5277.0;5
760900;;;HYDROGEL_PACK;XIRECS;10055.0;2
762400;;;VELVETFRUIT_EXTRACT;XIRECS;5268.0;3
762700;;;VEV_4000;XIRECS;1261.0;2
764300;;;VEV_4000;XIRECS;1258.0;2
765100;;;VELVETFRUIT_EXTRACT;XIRECS;5265.0;4
765800;;;HYDROGEL_PACK;XIRECS;10048.0;3
767100;;;HYDROGEL_PACK;XIRECS;10063.0;4
767200;;;VELVETFRUIT_EXTRACT;XIRECS;5276.0;3
768100;;;HYDROGEL_PACK;XIRECS;10056.0;4
768200;;;HYDROGEL_PACK;XIRECS;10056.0;3
768700;;;VELVETFRUIT_EXTRACT;XIRECS;5270.0;5
768800;;;HYDROGEL_PACK;XIRECS;10071.0;5
771700;;;VELVETFRUIT_EXTRACT;XIRECS;5264.0;7
772000;;;HYDROGEL_PACK;XIRECS;10082.0;6
772000;;;VEV_4000;XIRECS;1273.0;3
772500;;;VELVETFRUIT_EXTRACT;XIRECS;5260.0;7
772600;;;VELVETFRUIT_EXTRACT;XIRECS;5265.0;8
775000;;;VELVETFRUIT_EXTRACT;XIRECS;5266.0;4
775100;;;HYDROGEL_PACK;XIRECS;10056.0;5
775300;;;VEV_4000;XIRECS;1250.0;1
777000;;;VELVETFRUIT_EXTRACT;XIRECS;5270.0;6
782100;;;HYDROGEL_PACK;XIRECS;10078.0;6
782500;;;HYDROGEL_PACK;XIRECS;10072.0;6
782700;;;HYDROGEL_PACK;XIRECS;10075.0;6
783300;;;VEV_4000;XIRECS;1249.0;3
784400;;;HYDROGEL_PACK;XIRECS;10072.0;6
785200;;;HYDROGEL_PACK;XIRECS;10056.0;3
785800;;;HYDROGEL_PACK;XIRECS;10056.0;3
785800;;;VEV_5400;XIRECS;15.0;3
785800;;;VEV_5500;XIRECS;6.0;3
785800;;;VEV_6000;XIRECS;0.0;3
785800;;;VEV_6500;XIRECS;0.0;3
786700;;;HYDROGEL_PACK;XIRECS;10054.0;4
786900;;;VEV_4000;XIRECS;1250.0;1
787700;;;VELVETFRUIT_EXTRACT;XIRECS;5260.0;6
787800;;;VELVETFRUIT_EXTRACT;XIRECS;5261.0;4
789200;;;VEV_4000;XIRECS;1250.0;3
790700;;;HYDROGEL_PACK;XIRECS;10063.0;2
792200;;;HYDROGEL_PACK;XIRECS;10052.0;4
792200;;;VELVETFRUIT_EXTRACT;XIRECS;5259.0;6
794800;;;VELVETFRUIT_EXTRACT;XIRECS;5258.0;8
794900;;;VELVETFRUIT_EXTRACT;XIRECS;5251.0;6
796600;;;VELVETFRUIT_EXTRACT;XIRECS;5251.0;8
797600;;;HYDROGEL_PACK;XIRECS;10024.0;4
798100;;;VEV_5400;XIRECS;15.0;4
798100;;;VEV_5500;XIRECS;6.0;4
798100;;;VEV_6000;XIRECS;0.0;4
798100;;;VEV_6500;XIRECS;0.0;4
799500;;;HYDROGEL_PACK;XIRECS;10029.0;3
799900;;;VELVETFRUIT_EXTRACT;XIRECS;5249.0;8
800100;;;HYDROGEL_PACK;XIRECS;10012.0;5
800400;;;VEV_5300;XIRECS;45.0;3
800400;;;VEV_5500;XIRECS;5.0;3
800400;;;VEV_6000;XIRECS;0.0;3
800400;;;VEV_6500;XIRECS;0.0;3
800600;;;HYDROGEL_PACK;XIRECS;10024.0;5
801000;;;VEV_4000;XIRECS;1259.0;2
801800;;;VEV_5400;XIRECS;13.0;2
801800;;;VEV_5500;XIRECS;5.0;2
801800;;;VEV_6000;XIRECS;0.0;2
801800;;;VEV_6500;XIRECS;0.0;2
802800;;;VELVETFRUIT_EXTRACT;XIRECS;5243.0;3
803000;;;HYDROGEL_PACK;XIRECS;10019.0;2
803400;;;VELVETFRUIT_EXTRACT;XIRECS;5240.0;5
804900;;;VEV_4000;XIRECS;1230.0;1
805300;;;HYDROGEL_PACK;XIRECS;9998.0;4
807400;;;VELVETFRUIT_EXTRACT;XIRECS;5253.0;4
807800;;;VEV_5300;XIRECS;45.0;3
807800;;;VEV_5400;XIRECS;13.0;3
807800;;;VEV_5500;XIRECS;5.0;3
807800;;;VEV_6000;XIRECS;0.0;3
807800;;;VEV_6500;XIRECS;0.0;3
809700;;;HYDROGEL_PACK;XIRECS;10018.0;2
810100;;;VELVETFRUIT_EXTRACT;XIRECS;5245.0;4
810600;;;HYDROGEL_PACK;XIRECS;10015.0;2
812400;;;VELVETFRUIT_EXTRACT;XIRECS;5233.0;8
812600;;;VEV_5300;XIRECS;40.0;4
812600;;;VEV_5400;XIRECS;11.0;4
812600;;;VEV_5500;XIRECS;4.0;4
812600;;;VEV_6000;XIRECS;0.0;4
812600;;;VEV_6500;XIRECS;0.0;4
812900;;;VELVETFRUIT_EXTRACT;XIRECS;5233.0;7
813000;;;VEV_5500;XIRECS;4.0;3
813000;;;VEV_6000;XIRECS;0.0;3
813000;;;VEV_6500;XIRECS;0.0;3
814500;;;HYDROGEL_PACK;XIRECS;9989.0;3
815000;;;HYDROGEL_PACK;XIRECS;10004.0;3
815000;;;VELVETFRUIT_EXTRACT;XIRECS;5230.0;5
816800;;;HYDROGEL_PACK;XIRECS;9999.0;4
817900;;;VELVETFRUIT_EXTRACT;XIRECS;5228.0;5
818100;;;VELVETFRUIT_EXTRACT;XIRECS;5234.0;7
818500;;;VELVETFRUIT_EXTRACT;XIRECS;5231.0;7
820600;;;HYDROGEL_PACK;XIRECS;10011.0;2
821100;;;HYDROGEL_PACK;XIRECS;9993.0;4
821300;;;VEV_4000;XIRECS;1233.0;2
822000;;;VELVETFRUIT_EXTRACT;XIRECS;5245.0;8
822200;;;VELVETFRUIT_EXTRACT;XIRECS;5241.0;7
824200;;;VELVETFRUIT_EXTRACT;XIRECS;5251.0;4
824800;;;VEV_5500;XIRECS;5.0;5
824800;;;VEV_6000;XIRECS;0.0;5
824800;;;VEV_6500;XIRECS;0.0;5
827000;;;VELVETFRUIT_EXTRACT;XIRECS;5247.0;7
827500;;;VELVETFRUIT_EXTRACT;XIRECS;5247.0;8
832000;;;VELVETFRUIT_EXTRACT;XIRECS;5244.0;6
832100;;;VELVETFRUIT_EXTRACT;XIRECS;5239.0;8
832700;;;VELVETFRUIT_EXTRACT;XIRECS;5242.0;3
833600;;;HYDROGEL_PACK;XIRECS;10025.0;2
834900;;;VELVETFRUIT_EXTRACT;XIRECS;5243.0;7
836000;;;VELVETFRUIT_EXTRACT;XIRECS;5244.0;6
837000;;;HYDROGEL_PACK;XIRECS;10047.0;6
838700;;;VELVETFRUIT_EXTRACT;XIRECS;5252.0;11
839600;;;VELVETFRUIT_EXTRACT;XIRECS;5253.0;8
840400;;;VELVETFRUIT_EXTRACT;XIRECS;5253.0;3
843100;;;VELVETFRUIT_EXTRACT;XIRECS;5255.0;4
844200;;;HYDROGEL_PACK;XIRECS;10033.0;6
844800;;;HYDROGEL_PACK;XIRECS;10034.0;3
845400;;;VELVETFRUIT_EXTRACT;XIRECS;5256.0;8
845500;;;HYDROGEL_PACK;XIRECS;10013.0;6
847200;;;HYDROGEL_PACK;XIRECS;10022.0;5
848200;;;VEV_4000;XIRECS;1272.0;2
848400;;;HYDROGEL_PACK;XIRECS;10040.0;3
848900;;;VEV_5300;XIRECS;51.0;5
848900;;;VEV_5500;XIRECS;7.0;5
848900;;;VEV_6000;XIRECS;0.0;5
848900;;;VEV_6500;XIRECS;0.0;5
849200;;;VEV_4000;XIRECS;1256.0;2
849300;;;VELVETFRUIT_EXTRACT;XIRECS;5270.0;8
850300;;;VELVETFRUIT_EXTRACT;XIRECS;5260.0;7
850600;;;VELVETFRUIT_EXTRACT;XIRECS;5261.0;5
851200;;;VEV_5400;XIRECS;16.0;3
851200;;;VEV_5500;XIRECS;6.0;3
851200;;;VEV_6000;XIRECS;0.0;3
851200;;;VEV_6500;XIRECS;0.0;3
851700;;;VELVETFRUIT_EXTRACT;XIRECS;5260.0;6
852200;;;VELVETFRUIT_EXTRACT;XIRECS;5270.0;4
852900;;;VELVETFRUIT_EXTRACT;XIRECS;5265.0;7
853500;;;HYDROGEL_PACK;XIRECS;10032.0;4
853900;;;HYDROGEL_PACK;XIRECS;10047.0;6
854900;;;HYDROGEL_PACK;XIRECS;10052.0;2
855500;;;VEV_4000;XIRECS;1264.0;3
856600;;;VELVETFRUIT_EXTRACT;XIRECS;5269.0;3
860100;;;HYDROGEL_PACK;XIRECS;10086.0;2
862900;;;HYDROGEL_PACK;XIRECS;10038.0;6
863300;;;VELVETFRUIT_EXTRACT;XIRECS;5254.0;12
865400;;;VEV_5400;XIRECS;14.0;5
865400;;;VEV_5500;XIRECS;6.0;5
865400;;;VEV_6000;XIRECS;0.0;5
865400;;;VEV_6500;XIRECS;0.0;5
866300;;;HYDROGEL_PACK;XIRECS;10060.0;6
867100;;;HYDROGEL_PACK;XIRECS;10039.0;5
867800;;;VEV_4000;XIRECS;1261.0;2
868700;;;VELVETFRUIT_EXTRACT;XIRECS;5246.0;4
868800;;;VEV_5500;XIRECS;5.0;2
868800;;;VEV_6000;XIRECS;0.0;2
868800;;;VEV_6500;XIRECS;0.0;2
869600;;;VELVETFRUIT_EXTRACT;XIRECS;5241.0;5
870000;;;HYDROGEL_PACK;XIRECS;10058.0;3
870100;;;VEV_4000;XIRECS;1236.0;3
870200;;;VEV_4000;XIRECS;1257.0;3
871500;;;VELVETFRUIT_EXTRACT;XIRECS;5241.0;8
871700;;;HYDROGEL_PACK;XIRECS;10027.0;5
873600;;;VELVETFRUIT_EXTRACT;XIRECS;5238.0;7
874400;;;VELVETFRUIT_EXTRACT;XIRECS;5246.0;3
876000;;;HYDROGEL_PACK;XIRECS;10025.0;4
876400;;;HYDROGEL_PACK;XIRECS;10020.0;3
876500;;;VELVETFRUIT_EXTRACT;XIRECS;5242.0;6
876800;;;VELVETFRUIT_EXTRACT;XIRECS;5240.0;8
877600;;;VELVETFRUIT_EXTRACT;XIRECS;5239.0;5
878500;;;VELVETFRUIT_EXTRACT;XIRECS;5239.0;4
879700;;;VELVETFRUIT_EXTRACT;XIRECS;5238.0;11
881400;;;VEV_4000;XIRECS;1229.0;1
881800;;;VELVETFRUIT_EXTRACT;XIRECS;5244.0;4
882600;;;VELVETFRUIT_EXTRACT;XIRECS;5248.0;10
883800;;;VELVETFRUIT_EXTRACT;XIRECS;5251.0;8
883900;;;VELVETFRUIT_EXTRACT;XIRECS;5251.0;3
884200;;;VELVETFRUIT_EXTRACT;XIRECS;5253.0;4
884600;;;VELVETFRUIT_EXTRACT;XIRECS;5254.0;7
886300;;;VEV_4000;XIRECS;1246.0;3
886600;;;VELVETFRUIT_EXTRACT;XIRECS;5259.0;5
887200;;;HYDROGEL_PACK;XIRECS;10007.0;2
887800;;;VELVETFRUIT_EXTRACT;XIRECS;5252.0;8
888300;;;VEV_4000;XIRECS;1261.0;2
890200;;;VELVETFRUIT_EXTRACT;XIRECS;5240.0;4
891000;;;VELVETFRUIT_EXTRACT;XIRECS;5245.0;3
892000;;;HYDROGEL_PACK;XIRECS;10000.0;6
894300;;;HYDROGEL_PACK;XIRECS;9981.0;6
896900;;;VELVETFRUIT_EXTRACT;XIRECS;5247.0;11
898200;;;HYDROGEL_PACK;XIRECS;9995.0;4
899200;;;HYDROGEL_PACK;XIRECS;10003.0;4
899700;;;VELVETFRUIT_EXTRACT;XIRECS;5247.0;5
900800;;;VEV_4000;XIRECS;1261.0;3
901000;;;VELVETFRUIT_EXTRACT;XIRECS;5255.0;7
901100;;;VEV_5400;XIRECS;14.0;4
901100;;;VEV_5500;XIRECS;5.0;4
901100;;;VEV_6000;XIRECS;0.0;4
901100;;;VEV_6500;XIRECS;0.0;4
901400;;;HYDROGEL_PACK;XIRECS;9989.0;4
901600;;;VEV_4000;XIRECS;1264.0;1
901800;;;HYDROGEL_PACK;XIRECS;10011.0;2
901900;;;VELVETFRUIT_EXTRACT;XIRECS;5253.0;3
903400;;;VEV_4000;XIRECS;1271.0;1
904000;;;VELVETFRUIT_EXTRACT;XIRECS;5261.0;6
905200;;;VELVETFRUIT_EXTRACT;XIRECS;5257.0;6
907000;;;VELVETFRUIT_EXTRACT;XIRECS;5255.0;4
907300;;;VELVETFRUIT_EXTRACT;XIRECS;5252.0;4
908700;;;HYDROGEL_PACK;XIRECS;10022.0;4
909300;;;HYDROGEL_PACK;XIRECS;10024.0;5
911600;;;VELVETFRUIT_EXTRACT;XIRECS;5264.0;5
912000;;;HYDROGEL_PACK;XIRECS;10030.0;6
912600;;;HYDROGEL_PACK;XIRECS;10027.0;2
913100;;;VELVETFRUIT_EXTRACT;XIRECS;5260.0;7
914400;;;HYDROGEL_PACK;XIRECS;10039.0;4
914700;;;VELVETFRUIT_EXTRACT;XIRECS;5263.0;8
914800;;;HYDROGEL_PACK;XIRECS;10039.0;4
915200;;;VEV_4000;XIRECS;1253.0;2
917300;;;VELVETFRUIT_EXTRACT;XIRECS;5266.0;6
917900;;;HYDROGEL_PACK;XIRECS;10034.0;3
918500;;;HYDROGEL_PACK;XIRECS;10009.0;6
921000;;;VEV_5400;XIRECS;17.0;4
921000;;;VEV_5500;XIRECS;7.0;4
921000;;;VEV_6000;XIRECS;0.0;4
921000;;;VEV_6500;XIRECS;0.0;4
923000;;;VELVETFRUIT_EXTRACT;XIRECS;5270.0;6
924500;;;HYDROGEL_PACK;XIRECS;10004.0;5
925400;;;VEV_4000;XIRECS;1264.0;3
925900;;;HYDROGEL_PACK;XIRECS;10014.0;6
928000;;;HYDROGEL_PACK;XIRECS;9992.0;2
928400;;;VEV_5500;XIRECS;8.0;3
928400;;;VEV_6000;XIRECS;0.0;3
928400;;;VEV_6500;XIRECS;0.0;3
928500;;;HYDROGEL_PACK;XIRECS;10005.0;6
929100;;;VEV_4000;XIRECS;1289.0;2
929300;;;HYDROGEL_PACK;XIRECS;10004.0;3
929500;;;HYDROGEL_PACK;XIRECS;10006.0;6
929800;;;HYDROGEL_PACK;XIRECS;9993.0;3
930800;;;HYDROGEL_PACK;XIRECS;10016.0;6
931200;;;VELVETFRUIT_EXTRACT;XIRECS;5271.0;6
932100;;;HYDROGEL_PACK;XIRECS;9991.0;3
934300;;;HYDROGEL_PACK;XIRECS;9997.0;3
936400;;;HYDROGEL_PACK;XIRECS;10006.0;3
936500;;;HYDROGEL_PACK;XIRECS;9997.0;6
936600;;;VELVETFRUIT_EXTRACT;XIRECS;5262.0;7
936700;;;HYDROGEL_PACK;XIRECS;9998.0;3
937300;;;VEV_5400;XIRECS;15.0;4
937300;;;VEV_5500;XIRECS;6.0;4
937300;;;VEV_6000;XIRECS;0.0;4
937300;;;VEV_6500;XIRECS;0.0;4
937700;;;VEV_4000;XIRECS;1249.0;3
937800;;;VELVETFRUIT_EXTRACT;XIRECS;5259.0;6
938200;;;VELVETFRUIT_EXTRACT;XIRECS;5266.0;3
938900;;;HYDROGEL_PACK;XIRECS;10006.0;6
943100;;;VEV_5400;XIRECS;13.0;4
943100;;;VEV_5500;XIRECS;5.0;4
943100;;;VEV_6000;XIRECS;0.0;4
943100;;;VEV_6500;XIRECS;0.0;4
944800;;;VELVETFRUIT_EXTRACT;XIRECS;5245.0;8
946400;;;HYDROGEL_PACK;XIRECS;10022.0;3
946800;;;VELVETFRUIT_EXTRACT;XIRECS;5248.0;8
948500;;;VEV_5300;XIRECS;45.0;4
948500;;;VEV_5400;XIRECS;13.0;4
948500;;;VEV_5500;XIRECS;5.0;4
948500;;;VEV_6000;XIRECS;0.0;4
948500;;;VEV_6500;XIRECS;0.0;4
948700;;;VELVETFRUIT_EXTRACT;XIRECS;5247.0;6
949400;;;VELVETFRUIT_EXTRACT;XIRECS;5248.0;9
950000;;;HYDROGEL_PACK;XIRECS;10041.0;2
950300;;;HYDROGEL_PACK;XIRECS;10021.0;5
950300;;;VEV_5400;XIRECS;14.0;5
950300;;;VEV_5500;XIRECS;5.0;5
950300;;;VEV_6000;XIRECS;0.0;5
950300;;;VEV_6500;XIRECS;0.0;5
950700;;;HYDROGEL_PACK;XIRECS;10036.0;5
951500;;;VELVETFRUIT_EXTRACT;XIRECS;5262.0;6
953400;;;VEV_4000;XIRECS;1270.0;2
953700;;;HYDROGEL_PACK;XIRECS;10035.0;5
953800;;;HYDROGEL_PACK;XIRECS;10033.0;6
957800;;;HYDROGEL_PACK;XIRECS;9997.0;6
960700;;;VELVETFRUIT_EXTRACT;XIRECS;5263.0;4
960800;;;HYDROGEL_PACK;XIRECS;10041.0;2
962900;;;VEV_4000;XIRECS;1279.0;1
963300;;;VELVETFRUIT_EXTRACT;XIRECS;5267.0;5
963500;;;VELVETFRUIT_EXTRACT;XIRECS;5267.0;5
963900;;;HYDROGEL_PACK;XIRECS;10040.0;6
964000;;;HYDROGEL_PACK;XIRECS;10020.0;3
964700;;;HYDROGEL_PACK;XIRECS;10008.0;4
965000;;;VELVETFRUIT_EXTRACT;XIRECS;5272.0;4
966200;;;VELVETFRUIT_EXTRACT;XIRECS;5268.0;7
966900;;;HYDROGEL_PACK;XIRECS;10019.0;2
968200;;;VEV_4000;XIRECS;1261.0;1
970500;;;HYDROGEL_PACK;XIRECS;9981.0;3
971900;;;HYDROGEL_PACK;XIRECS;9998.0;3
972800;;;VELVETFRUIT_EXTRACT;XIRECS;5256.0;3
973300;;;VELVETFRUIT_EXTRACT;XIRECS;5261.0;8
975400;;;VELVETFRUIT_EXTRACT;XIRECS;5255.0;3
977200;;;VEV_4000;XIRECS;1267.0;1
977600;;;HYDROGEL_PACK;XIRECS;9986.0;2
979200;;;HYDROGEL_PACK;XIRECS;9999.0;2
979700;;;VEV_4000;XIRECS;1270.0;2
982000;;;VELVETFRUIT_EXTRACT;XIRECS;5257.0;3
982900;;;HYDROGEL_PACK;XIRECS;9998.0;6
984700;;;VELVETFRUIT_EXTRACT;XIRECS;5251.0;9
984900;;;VELVETFRUIT_EXTRACT;XIRECS;5254.0;6
985400;;;HYDROGEL_PACK;XIRECS;10024.0;4
985600;;;VELVETFRUIT_EXTRACT;XIRECS;5252.0;14
985800;;;HYDROGEL_PACK;XIRECS;10029.0;4
986300;;;VELVETFRUIT_EXTRACT;XIRECS;5254.0;10
988000;;;HYDROGEL_PACK;XIRECS;10016.0;4
988000;;;VELVETFRUIT_EXTRACT;XIRECS;5256.0;4
988100;;;VEV_5200;XIRECS;94.0;5
988100;;;VEV_5300;XIRECS;46.0;5
988100;;;VEV_5400;XIRECS;14.0;5
988100;;;VEV_5500;XIRECS;5.0;5
988100;;;VEV_6000;XIRECS;0.0;5
988100;;;VEV_6500;XIRECS;0.0;5
988400;;;HYDROGEL_PACK;XIRECS;10016.0;6
989000;;;HYDROGEL_PACK;XIRECS;10017.0;4
990300;;;VEV_5400;XIRECS;15.0;5
990300;;;VEV_6000;XIRECS;0.0;5
990300;;;VEV_6500;XIRECS;0.0;5
991500;;;VELVETFRUIT_EXTRACT;XIRECS;5260.0;4
991600;;;VELVETFRUIT_EXTRACT;XIRECS;5260.0;7
997300;;;VEV_4000;XIRECS;1261.0;2
998500;;;VEV_4000;XIRECS;1280.0;3
