timestamp;buyer;seller;symbol;currency;price;quantity
1000;;;GALAXY_SOUNDS_BLACK_HOLES;XIRECS;11438.0;2
1000;;;GALAXY_SOUNDS_DARK_MATTER;XIRECS;10398.0;2
1000;;;GALAXY_SOUNDS_PLANETARY_RINGS;XIRECS;11327.0;2
1000;;;GALAXY_SOUNDS_SOLAR_FLAMES;XIRECS;11342.0;2
1000;;;GALAXY_SOUNDS_SOLAR_WINDS;XIRECS;9585.0;2
1000;;;OXYGEN_SHAKE_CHOCOLATE;XIRECS;9495.0;2
1000;;;OXYGEN_SHAKE_EVENING_BREATH;XIRECS;8476.0;2
1000;;;OXYGEN_SHAKE_GARLIC;XIRECS;11842.0;2
1000;;;OXYGEN_SHAKE_MINT;XIRECS;10138.0;2
1000;;;OXYGEN_SHAKE_MORNING_BREATH;XIRECS;11042.0;2
1000;;;PANEL_1X2;XIRECS;8447.0;2
1000;;;PANEL_1X4;XIRECS;11092.0;2
1000;;;PANEL_2X2;XIRECS;10086.0;2
1000;;;PANEL_2X4;XIRECS;10714.0;2
1000;;;PANEL_4X4;XIRECS;9686.0;2
1000;;;ROBOT_DISHES;XIRECS;9932.0;2
1000;;;ROBOT_IRONING;XIRECS;9514.0;2
1000;;;ROBOT_LAUNDRY;XIRECS;10208.0;2
1000;;;ROBOT_MOPPING;XIRECS;9885.0;2
1000;;;ROBOT_VACUUMING;XIRECS;10062.0;2
1000;;;SLEEP_POD_COTTON;XIRECS;11151.0;2
1000;;;SLEEP_POD_LAMB_WOOL;XIRECS;10424.0;2
1000;;;SLEEP_POD_NYLON;XIRECS;8849.0;2
1000;;;SLEEP_POD_POLYESTER;XIRECS;11755.0;2
1000;;;SLEEP_POD_SUEDE;XIRECS;11125.0;2
1000;;;SNACKPACK_CHOCOLATE;XIRECS;9943.0;2
1000;;;SNACKPACK_PISTACHIO;XIRECS;9496.0;2
1000;;;SNACKPACK_RASPBERRY;XIRECS;10273.0;2
1000;;;SNACKPACK_STRAWBERRY;XIRECS;10426.0;2
1000;;;SNACKPACK_VANILLA;XIRECS;10046.0;2
1000;;;TRANSLATOR_ASTRO_BLACK;XIRECS;10164.0;2
1000;;;TRANSLATOR_ECLIPSE_CHARCOAL;XIRECS;10205.0;2
1000;;;TRANSLATOR_GRAPHITE_MIST;XIRECS;9359.0;2
1000;;;TRANSLATOR_SPACE_GRAY;XIRECS;9476.0;2
1000;;;TRANSLATOR_VOID_BLUE;XIRECS;11079.0;2
1000;;;UV_VISOR_AMBER;XIRECS;8526.0;2
1000;;;UV_VISOR_MAGENTA;XIRECS;11356.0;2
1000;;;UV_VISOR_ORANGE;XIRECS;10190.0;2
1000;;;UV_VISOR_RED;XIRECS;10832.0;2
1000;;;UV_VISOR_YELLOW;XIRECS;11568.0;2
1700;;;MICROCHIP_CIRCLE;XIRECS;8903.0;2
1700;;;MICROCHIP_OVAL;XIRECS;9311.0;2
1700;;;MICROCHIP_RECTANGLE;XIRECS;9276.0;2
1700;;;MICROCHIP_SQUARE;XIRECS;12360.0;2
1700;;;MICROCHIP_TRIANGLE;XIRECS;10677.0;2
2500;;;GALAXY_SOUNDS_BLACK_HOLES;XIRECS;11452.0;2
2500;;;GALAXY_SOUNDS_DARK_MATTER;XIRECS;10393.0;2
2500;;;GALAXY_SOUNDS_PLANETARY_RINGS;XIRECS;11339.0;2
2500;;;GALAXY_SOUNDS_SOLAR_FLAMES;XIRECS;11288.0;2
2500;;;GALAXY_SOUNDS_SOLAR_WINDS;XIRECS;9635.0;2
2500;;;OXYGEN_SHAKE_CHOCOLATE;XIRECS;9501.0;2
2500;;;OXYGEN_SHAKE_EVENING_BREATH;XIRECS;8444.0;2
2500;;;OXYGEN_SHAKE_GARLIC;XIRECS;11919.0;2
2500;;;OXYGEN_SHAKE_MINT;XIRECS;10118.0;2
2500;;;OXYGEN_SHAKE_MORNING_BREATH;XIRECS;10963.0;2
2500;;;PANEL_1X2;XIRECS;8397.0;2
2500;;;PANEL_1X4;XIRECS;11058.0;2
2500;;;PANEL_2X2;XIRECS;10084.0;2
2500;;;PANEL_2X4;XIRECS;10788.0;2
2500;;;PANEL_4X4;XIRECS;9692.0;2
2500;;;ROBOT_DISHES;XIRECS;9873.0;2
2500;;;ROBOT_IRONING;XIRECS;9566.0;2
2500;;;ROBOT_LAUNDRY;XIRECS;10129.0;2
2500;;;ROBOT_MOPPING;XIRECS;9936.0;2
2500;;;ROBOT_VACUUMING;XIRECS;10024.0;2
2500;;;SLEEP_POD_COTTON;XIRECS;11117.0;2
2500;;;SLEEP_POD_LAMB_WOOL;XIRECS;10377.0;2
2500;;;SLEEP_POD_NYLON;XIRECS;8841.0;2
2500;;;SLEEP_POD_POLYESTER;XIRECS;11710.0;2
2500;;;SLEEP_POD_SUEDE;XIRECS;11077.0;2
2500;;;SNACKPACK_CHOCOLATE;XIRECS;9935.0;2
2500;;;SNACKPACK_PISTACHIO;XIRECS;9508.0;2
2500;;;SNACKPACK_RASPBERRY;XIRECS;10202.0;2
2500;;;SNACKPACK_STRAWBERRY;XIRECS;10465.0;2
2500;;;SNACKPACK_VANILLA;XIRECS;10005.0;2
2500;;;TRANSLATOR_ASTRO_BLACK;XIRECS;10139.0;2
2500;;;TRANSLATOR_ECLIPSE_CHARCOAL;XIRECS;10210.0;2
2500;;;TRANSLATOR_GRAPHITE_MIST;XIRECS;9346.0;2
2500;;;TRANSLATOR_SPACE_GRAY;XIRECS;9449.0;2
2500;;;TRANSLATOR_VOID_BLUE;XIRECS;11074.0;2
2500;;;UV_VISOR_AMBER;XIRECS;8498.0;2
2500;;;UV_VISOR_MAGENTA;XIRECS;11315.0;2
2500;;;UV_VISOR_ORANGE;XIRECS;10179.0;2
2500;;;UV_VISOR_RED;XIRECS;10836.0;2
2500;;;UV_VISOR_YELLOW;XIRECS;11603.0;2
3700;;;GALAXY_SOUNDS_BLACK_HOLES;XIRECS;11483.0;4
3700;;;GALAXY_SOUNDS_DARK_MATTER;XIRECS;10373.0;4
3700;;;GALAXY_SOUNDS_PLANETARY_RINGS;XIRECS;11366.0;4
3700;;;GALAXY_SOUNDS_SOLAR_FLAMES;XIRECS;11281.0;4
3700;;;GALAXY_SOUNDS_SOLAR_WINDS;XIRECS;9626.0;4
3700;;;OXYGEN_SHAKE_CHOCOLATE;XIRECS;9512.0;4
3700;;;OXYGEN_SHAKE_EVENING_BREATH;XIRECS;8436.0;4
3700;;;OXYGEN_SHAKE_GARLIC;XIRECS;11884.0;4
3700;;;OXYGEN_SHAKE_MINT;XIRECS;10090.0;4
3700;;;OXYGEN_SHAKE_MORNING_BREATH;XIRECS;11025.0;4
3700;;;PANEL_1X2;XIRECS;8400.0;4
3700;;;PANEL_1X4;XIRECS;11026.0;4
3700;;;PANEL_2X2;XIRECS;10105.0;4
3700;;;PANEL_2X4;XIRECS;10818.0;4
3700;;;PANEL_4X4;XIRECS;9620.0;4
3700;;;ROBOT_DISHES;XIRECS;9855.0;4
3700;;;ROBOT_IRONING;XIRECS;9574.0;4
3700;;;ROBOT_LAUNDRY;XIRECS;10133.0;4
3700;;;ROBOT_MOPPING;XIRECS;9955.0;4
3700;;;ROBOT_VACUUMING;XIRECS;10018.0;4
3700;;;SLEEP_POD_COTTON;XIRECS;11170.0;4
3700;;;SLEEP_POD_LAMB_WOOL;XIRECS;10408.0;4
3700;;;SLEEP_POD_NYLON;XIRECS;8825.0;4
3700;;;SLEEP_POD_POLYESTER;XIRECS;11779.0;4
3700;;;SLEEP_POD_SUEDE;XIRECS;11067.0;4
3700;;;SNACKPACK_CHOCOLATE;XIRECS;9969.0;4
3700;;;SNACKPACK_PISTACHIO;XIRECS;9536.0;4
3700;;;SNACKPACK_RASPBERRY;XIRECS;10175.0;4
3700;;;SNACKPACK_STRAWBERRY;XIRECS;10523.0;4
3700;;;SNACKPACK_VANILLA;XIRECS;9997.0;4
3700;;;TRANSLATOR_ASTRO_BLACK;XIRECS;10109.0;4
3700;;;TRANSLATOR_ECLIPSE_CHARCOAL;XIRECS;10180.0;4
3700;;;TRANSLATOR_GRAPHITE_MIST;XIRECS;9392.0;4
3700;;;TRANSLATOR_SPACE_GRAY;XIRECS;9409.0;4
3700;;;TRANSLATOR_VOID_BLUE;XIRECS;11069.0;4
3700;;;UV_VISOR_AMBER;XIRECS;8533.0;4
3700;;;UV_VISOR_MAGENTA;XIRECS;11328.0;4
3700;;;UV_VISOR_ORANGE;XIRECS;10223.0;4
3700;;;UV_VISOR_RED;XIRECS;10871.0;4
3700;;;UV_VISOR_YELLOW;XIRECS;11601.0;4
5100;;;PEBBLES_L;XIRECS;10214.0;4
5100;;;PEBBLES_M;XIRECS;9135.0;4
5100;;;PEBBLES_S;XIRECS;9036.0;4
5100;;;PEBBLES_XL;XIRECS;13606.0;4
5100;;;PEBBLES_XS;XIRECS;8041.0;4
6200;;;PEBBLES_L;XIRECS;10196.0;5
6200;;;PEBBLES_M;XIRECS;9180.0;5
6200;;;PEBBLES_S;XIRECS;9028.0;5
6200;;;PEBBLES_XL;XIRECS;13627.0;5
6200;;;PEBBLES_XS;XIRECS;8001.0;5
6700;;;GALAXY_SOUNDS_BLACK_HOLES;XIRECS;11480.0;2
6700;;;GALAXY_SOUNDS_DARK_MATTER;XIRECS;10412.0;2
6700;;;GALAXY_SOUNDS_PLANETARY_RINGS;XIRECS;11294.0;2
6700;;;GALAXY_SOUNDS_SOLAR_FLAMES;XIRECS;11222.0;2
6700;;;GALAXY_SOUNDS_SOLAR_WINDS;XIRECS;9637.0;2
6700;;;OXYGEN_SHAKE_CHOCOLATE;XIRECS;9549.0;2
6700;;;OXYGEN_SHAKE_EVENING_BREATH;XIRECS;8434.0;2
6700;;;OXYGEN_SHAKE_GARLIC;XIRECS;11947.0;2
6700;;;OXYGEN_SHAKE_MINT;XIRECS;10034.0;2
6700;;;OXYGEN_SHAKE_MORNING_BREATH;XIRECS;10991.0;2
6700;;;PANEL_1X2;XIRECS;8343.0;2
6700;;;PANEL_1X4;XIRECS;11073.0;2
6700;;;PANEL_2X2;XIRECS;10050.0;2
6700;;;PANEL_2X4;XIRECS;10833.0;2
6700;;;PANEL_4X4;XIRECS;9598.0;2
6700;;;ROBOT_DISHES;XIRECS;9873.0;2
6700;;;ROBOT_IRONING;XIRECS;9646.0;2
6700;;;ROBOT_LAUNDRY;XIRECS;10211.0;2
6700;;;ROBOT_MOPPING;XIRECS;10100.0;2
6700;;;ROBOT_VACUUMING;XIRECS;9963.0;2
6700;;;SLEEP_POD_COTTON;XIRECS;11164.0;2
6700;;;SLEEP_POD_LAMB_WOOL;XIRECS;10470.0;2
6700;;;SLEEP_POD_NYLON;XIRECS;8705.0;2
6700;;;SLEEP_POD_POLYESTER;XIRECS;11709.0;2
6700;;;SLEEP_POD_SUEDE;XIRECS;11033.0;2
6700;;;SNACKPACK_CHOCOLATE;XIRECS;9952.0;2
6700;;;SNACKPACK_PISTACHIO;XIRECS;9525.0;2
6700;;;SNACKPACK_RASPBERRY;XIRECS;10160.0;2
6700;;;SNACKPACK_STRAWBERRY;XIRECS;10524.0;2
6700;;;SNACKPACK_VANILLA;XIRECS;9983.0;2
6700;;;TRANSLATOR_ASTRO_BLACK;XIRECS;10069.0;2
6700;;;TRANSLATOR_ECLIPSE_CHARCOAL;XIRECS;10243.0;2
6700;;;TRANSLATOR_GRAPHITE_MIST;XIRECS;9412.0;2
6700;;;TRANSLATOR_SPACE_GRAY;XIRECS;9394.0;2
6700;;;TRANSLATOR_VOID_BLUE;XIRECS;11061.0;2
6700;;;UV_VISOR_AMBER;XIRECS;8478.0;2
6700;;;UV_VISOR_MAGENTA;XIRECS;11296.0;2
6700;;;UV_VISOR_ORANGE;XIRECS;10146.0;2
6700;;;UV_VISOR_RED;XIRECS;10891.0;2
6700;;;UV_VISOR_YELLOW;XIRECS;11537.0;2
11500;;;MICROCHIP_CIRCLE;XIRECS;8829.0;3
11500;;;MICROCHIP_OVAL;XIRECS;9308.0;3
11500;;;MICROCHIP_RECTANGLE;XIRECS;9252.0;3
11500;;;MICROCHIP_SQUARE;XIRECS;12469.0;3
11500;;;MICROCHIP_TRIANGLE;XIRECS;10518.0;3
13100;;;MICROCHIP_CIRCLE;XIRECS;8874.0;3
13100;;;MICROCHIP_OVAL;XIRECS;9280.0;3
13100;;;MICROCHIP_RECTANGLE;XIRECS;9296.0;3
13100;;;MICROCHIP_SQUARE;XIRECS;12346.0;3
13100;;;MICROCHIP_TRIANGLE;XIRECS;10476.0;3
13700;;;MICROCHIP_CIRCLE;XIRECS;8866.0;1
13700;;;MICROCHIP_OVAL;XIRECS;9299.0;1
13700;;;MICROCHIP_RECTANGLE;XIRECS;9304.0;1
13700;;;MICROCHIP_SQUARE;XIRECS;12381.0;1
13700;;;MICROCHIP_TRIANGLE;XIRECS;10525.0;1
14300;;;PEBBLES_L;XIRECS;10026.0;4
14300;;;PEBBLES_M;XIRECS;9233.0;4
14300;;;PEBBLES_S;XIRECS;9180.0;4
14300;;;PEBBLES_XL;XIRECS;13528.0;4
14300;;;PEBBLES_XS;XIRECS;8001.0;4
15800;;;MICROCHIP_CIRCLE;XIRECS;8834.0;3
15800;;;MICROCHIP_OVAL;XIRECS;9348.0;3
15800;;;MICROCHIP_RECTANGLE;XIRECS;9201.0;3
15800;;;MICROCHIP_SQUARE;XIRECS;12293.0;3
15800;;;MICROCHIP_TRIANGLE;XIRECS;10540.0;3
19200;;;PEBBLES_L;XIRECS;10177.0;4
19200;;;PEBBLES_M;XIRECS;9158.0;4
19200;;;PEBBLES_S;XIRECS;9291.0;4
19200;;;PEBBLES_XL;XIRECS;13427.0;4
19200;;;PEBBLES_XS;XIRECS;7980.0;4
21600;;;PEBBLES_L;XIRECS;10086.0;4
21600;;;PEBBLES_M;XIRECS;9145.0;4
21600;;;PEBBLES_S;XIRECS;9237.0;4
21600;;;PEBBLES_XL;XIRECS;13628.0;4
21600;;;PEBBLES_XS;XIRECS;7936.0;4
22000;;;GALAXY_SOUNDS_BLACK_HOLES;XIRECS;11523.0;2
22000;;;GALAXY_SOUNDS_DARK_MATTER;XIRECS;10413.0;2
22000;;;GALAXY_SOUNDS_PLANETARY_RINGS;XIRECS;11629.0;2
22000;;;GALAXY_SOUNDS_SOLAR_FLAMES;XIRECS;11378.0;2
22000;;;GALAXY_SOUNDS_SOLAR_WINDS;XIRECS;9555.0;2
22000;;;OXYGEN_SHAKE_CHOCOLATE;XIRECS;9523.0;2
22000;;;OXYGEN_SHAKE_EVENING_BREATH;XIRECS;8474.0;2
22000;;;OXYGEN_SHAKE_GARLIC;XIRECS;12169.0;2
22000;;;OXYGEN_SHAKE_MINT;XIRECS;10168.0;2
22000;;;OXYGEN_SHAKE_MORNING_BREATH;XIRECS;10758.0;2
22000;;;PANEL_1X2;XIRECS;8258.0;2
22000;;;PANEL_1X4;XIRECS;11066.0;2
22000;;;PANEL_2X2;XIRECS;10130.0;2
22000;;;PANEL_2X4;XIRECS;10849.0;2
22000;;;PANEL_4X4;XIRECS;9594.0;2
22000;;;ROBOT_DISHES;XIRECS;9829.0;2
22000;;;ROBOT_IRONING;XIRECS;9696.0;2
22000;;;ROBOT_LAUNDRY;XIRECS;10330.0;2
22000;;;ROBOT_MOPPING;XIRECS;10023.0;2
22000;;;ROBOT_VACUUMING;XIRECS;9967.0;2
22000;;;SLEEP_POD_COTTON;XIRECS;11201.0;2
22000;;;SLEEP_POD_LAMB_WOOL;XIRECS;10344.0;2
22000;;;SLEEP_POD_NYLON;XIRECS;8756.0;2
22000;;;SLEEP_POD_POLYESTER;XIRECS;11777.0;2
22000;;;SLEEP_POD_SUEDE;XIRECS;10980.0;2
22000;;;SNACKPACK_CHOCOLATE;XIRECS;9985.0;2
22000;;;SNACKPACK_PISTACHIO;XIRECS;9555.0;2
22000;;;SNACKPACK_RASPBERRY;XIRECS;10168.0;2
22000;;;SNACKPACK_STRAWBERRY;XIRECS;10520.0;2
22000;;;SNACKPACK_VANILLA;XIRECS;9914.0;2
22000;;;TRANSLATOR_ASTRO_BLACK;XIRECS;9849.0;2
22000;;;TRANSLATOR_ECLIPSE_CHARCOAL;XIRECS;10198.0;2
22000;;;TRANSLATOR_GRAPHITE_MIST;XIRECS;9512.0;2
22000;;;TRANSLATOR_SPACE_GRAY;XIRECS;9446.0;2
22000;;;TRANSLATOR_VOID_BLUE;XIRECS;11136.0;2
22000;;;UV_VISOR_AMBER;XIRECS;8301.0;2
22000;;;UV_VISOR_MAGENTA;XIRECS;11364.0;2
22000;;;UV_VISOR_ORANGE;XIRECS;10143.0;2
22000;;;UV_VISOR_RED;XIRECS;10597.0;2
22000;;;UV_VISOR_YELLOW;XIRECS;11567.0;2
22200;;;MICROCHIP_CIRCLE;XIRECS;8896.0;3
22200;;;MICROCHIP_OVAL;XIRECS;9336.0;3
22200;;;MICROCHIP_RECTANGLE;XIRECS;9235.0;3
22200;;;MICROCHIP_SQUARE;XIRECS;12541.0;3
22200;;;MICROCHIP_TRIANGLE;XIRECS;10458.0;3
22600;;;GALAXY_SOUNDS_BLACK_HOLES;XIRECS;11511.0;1
22600;;;GALAXY_SOUNDS_DARK_MATTER;XIRECS;10417.0;1
22600;;;GALAXY_SOUNDS_PLANETARY_RINGS;XIRECS;11620.0;1
22600;;;GALAXY_SOUNDS_SOLAR_FLAMES;XIRECS;11341.0;1
22600;;;GALAXY_SOUNDS_SOLAR_WINDS;XIRECS;9567.0;1
22600;;;OXYGEN_SHAKE_CHOCOLATE;XIRECS;9547.0;1
22600;;;OXYGEN_SHAKE_EVENING_BREATH;XIRECS;8474.0;1
22600;;;OXYGEN_SHAKE_GARLIC;XIRECS;12152.0;1
22600;;;OXYGEN_SHAKE_MINT;XIRECS;10191.0;1
22600;;;OXYGEN_SHAKE_MORNING_BREATH;XIRECS;10780.0;1
22600;;;PANEL_1X2;XIRECS;8237.0;1
22600;;;PANEL_1X4;XIRECS;11090.0;1
22600;;;PANEL_2X2;XIRECS;10102.0;1
22600;;;PANEL_2X4;XIRECS;10843.0;1
22600;;;PANEL_4X4;XIRECS;9592.0;1
22600;;;ROBOT_DISHES;XIRECS;9847.0;1
22600;;;ROBOT_IRONING;XIRECS;9686.0;1
22600;;;ROBOT_LAUNDRY;XIRECS;10319.0;1
22600;;;ROBOT_MOPPING;XIRECS;10018.0;1
22600;;;ROBOT_VACUUMING;XIRECS;9980.0;1
22600;;;SLEEP_POD_COTTON;XIRECS;11216.0;1
22600;;;SLEEP_POD_LAMB_WOOL;XIRECS;10400.0;1
22600;;;SLEEP_POD_NYLON;XIRECS;8743.0;1
22600;;;SLEEP_POD_POLYESTER;XIRECS;11770.0;1
22600;;;SLEEP_POD_SUEDE;XIRECS;10974.0;1
22600;;;SNACKPACK_CHOCOLATE;XIRECS;10003.0;1
22600;;;SNACKPACK_PISTACHIO;XIRECS;9552.0;1
22600;;;SNACKPACK_RASPBERRY;XIRECS;10159.0;1
22600;;;SNACKPACK_STRAWBERRY;XIRECS;10526.0;1
22600;;;SNACKPACK_VANILLA;XIRECS;9898.0;1
22600;;;TRANSLATOR_ASTRO_BLACK;XIRECS;9825.0;1
22600;;;TRANSLATOR_ECLIPSE_CHARCOAL;XIRECS;10197.0;1
22600;;;TRANSLATOR_GRAPHITE_MIST;XIRECS;9511.0;1
22600;;;TRANSLATOR_SPACE_GRAY;XIRECS;9454.0;1
22600;;;TRANSLATOR_VOID_BLUE;XIRECS;11159.0;1
22600;;;UV_VISOR_AMBER;XIRECS;8273.0;1
22600;;;UV_VISOR_MAGENTA;XIRECS;11463.0;1
22600;;;UV_VISOR_ORANGE;XIRECS;10160.0;1
22600;;;UV_VISOR_RED;XIRECS;10585.0;1
22600;;;UV_VISOR_YELLOW;XIRECS;11567.0;1
24100;;;MICROCHIP_CIRCLE;XIRECS;8955.0;2
24100;;;MICROCHIP_OVAL;XIRECS;9330.0;2
24100;;;MICROCHIP_RECTANGLE;XIRECS;9315.0;2
24100;;;MICROCHIP_SQUARE;XIRECS;12620.0;2
24100;;;MICROCHIP_TRIANGLE;XIRECS;10300.0;2
24300;;;GALAXY_SOUNDS_BLACK_HOLES;XIRECS;11506.0;4
24300;;;GALAXY_SOUNDS_DARK_MATTER;XIRECS;10506.0;4
24300;;;GALAXY_SOUNDS_PLANETARY_RINGS;XIRECS;11612.0;4
24300;;;GALAXY_SOUNDS_SOLAR_FLAMES;XIRECS;11375.0;4
24300;;;GALAXY_SOUNDS_SOLAR_WINDS;XIRECS;9590.0;4
24300;;;OXYGEN_SHAKE_CHOCOLATE;XIRECS;9544.0;4
24300;;;OXYGEN_SHAKE_EVENING_BREATH;XIRECS;8504.0;4
24300;;;OXYGEN_SHAKE_GARLIC;XIRECS;12147.0;4
24300;;;OXYGEN_SHAKE_MINT;XIRECS;10216.0;4
24300;;;OXYGEN_SHAKE_MORNING_BREATH;XIRECS;10766.0;4
24300;;;PANEL_1X2;XIRECS;8224.0;4
24300;;;PANEL_1X4;XIRECS;11024.0;4
24300;;;PANEL_2X2;XIRECS;10085.0;4
24300;;;PANEL_2X4;XIRECS;10835.0;4
24300;;;PANEL_4X4;XIRECS;9604.0;4
24300;;;ROBOT_DISHES;XIRECS;9846.0;4
24300;;;ROBOT_IRONING;XIRECS;9666.0;4
24300;;;ROBOT_LAUNDRY;XIRECS;10317.0;4
24300;;;ROBOT_MOPPING;XIRECS;10015.0;4
24300;;;ROBOT_VACUUMING;XIRECS;9931.0;4
24300;;;SLEEP_POD_COTTON;XIRECS;11244.0;4
24300;;;SLEEP_POD_LAMB_WOOL;XIRECS;10442.0;4
24300;;;SLEEP_POD_NYLON;XIRECS;8691.0;4
24300;;;SLEEP_POD_POLYESTER;XIRECS;11833.0;4
24300;;;SLEEP_POD_SUEDE;XIRECS;10993.0;4
24300;;;SNACKPACK_CHOCOLATE;XIRECS;10018.0;4
24300;;;SNACKPACK_PISTACHIO;XIRECS;9522.0;4
24300;;;SNACKPACK_RASPBERRY;XIRECS;10202.0;4
24300;;;SNACKPACK_STRAWBERRY;XIRECS;10487.0;4
24300;;;SNACKPACK_VANILLA;XIRECS;9885.0;4
24300;;;TRANSLATOR_ASTRO_BLACK;XIRECS;9833.0;4
24300;;;TRANSLATOR_ECLIPSE_CHARCOAL;XIRECS;10304.0;4
24300;;;TRANSLATOR_GRAPHITE_MIST;XIRECS;9534.0;4
24300;;;TRANSLATOR_SPACE_GRAY;XIRECS;9396.0;4
24300;;;TRANSLATOR_VOID_BLUE;XIRECS;11139.0;4
24300;;;UV_VISOR_AMBER;XIRECS;8256.0;4
24300;;;UV_VISOR_MAGENTA;XIRECS;11454.0;4
24300;;;UV_VISOR_ORANGE;XIRECS;10108.0;4
24300;;;UV_VISOR_RED;XIRECS;10463.0;4
24300;;;UV_VISOR_YELLOW;XIRECS;11560.0;4
25600;;;GALAXY_SOUNDS_BLACK_HOLES;XIRECS;11457.0;4
25600;;;GALAXY_SOUNDS_DARK_MATTER;XIRECS;10437.0;4
25600;;;GALAXY_SOUNDS_PLANETARY_RINGS;XIRECS;11600.0;4
25600;;;GALAXY_SOUNDS_SOLAR_FLAMES;XIRECS;11435.0;4
25600;;;GALAXY_SOUNDS_SOLAR_WINDS;XIRECS;9568.0;4
25600;;;OXYGEN_SHAKE_CHOCOLATE;XIRECS;9509.0;4
25600;;;OXYGEN_SHAKE_EVENING_BREATH;XIRECS;8494.0;4
25600;;;OXYGEN_SHAKE_GARLIC;XIRECS;12033.0;4
25600;;;OXYGEN_SHAKE_MINT;XIRECS;10204.0;4
25600;;;OXYGEN_SHAKE_MORNING_BREATH;XIRECS;10837.0;4
25600;;;PANEL_1X2;XIRECS;8243.0;4
25600;;;PANEL_1X4;XIRECS;11028.0;4
25600;;;PANEL_2X2;XIRECS;10059.0;4
25600;;;PANEL_2X4;XIRECS;10836.0;4
25600;;;PANEL_4X4;XIRECS;9642.0;4
25600;;;ROBOT_DISHES;XIRECS;9860.0;4
25600;;;ROBOT_IRONING;XIRECS;9716.0;4
25600;;;ROBOT_LAUNDRY;XIRECS;10291.0;4
25600;;;ROBOT_MOPPING;XIRECS;9977.0;4
25600;;;ROBOT_VACUUMING;XIRECS;9877.0;4
25600;;;SLEEP_POD_COTTON;XIRECS;11239.0;4
25600;;;SLEEP_POD_LAMB_WOOL;XIRECS;10409.0;4
25600;;;SLEEP_POD_NYLON;XIRECS;8714.0;4
25600;;;SLEEP_POD_POLYESTER;XIRECS;11805.0;4
25600;;;SLEEP_POD_SUEDE;XIRECS;10920.0;4
25600;;;SNACKPACK_CHOCOLATE;XIRECS;10028.0;4
25600;;;SNACKPACK_PISTACHIO;XIRECS;9529.0;4
25600;;;SNACKPACK_RASPBERRY;XIRECS;10180.0;4
25600;;;SNACKPACK_STRAWBERRY;XIRECS;10496.0;4
25600;;;SNACKPACK_VANILLA;XIRECS;9871.0;4
25600;;;TRANSLATOR_ASTRO_BLACK;XIRECS;9858.0;4
25600;;;TRANSLATOR_ECLIPSE_CHARCOAL;XIRECS;10274.0;4
25600;;;TRANSLATOR_GRAPHITE_MIST;XIRECS;9526.0;4
25600;;;TRANSLATOR_SPACE_GRAY;XIRECS;9333.0;4
25600;;;TRANSLATOR_VOID_BLUE;XIRECS;11192.0;4
25600;;;UV_VISOR_AMBER;XIRECS;8217.0;4
25600;;;UV_VISOR_MAGENTA;XIRECS;11506.0;4
25600;;;UV_VISOR_ORANGE;XIRECS;10092.0;4
25600;;;UV_VISOR_RED;XIRECS;10473.0;4
25600;;;UV_VISOR_YELLOW;XIRECS;11522.0;4
26000;;;GALAXY_SOUNDS_BLACK_HOLES;XIRECS;11432.0;2
26000;;;GALAXY_SOUNDS_DARK_MATTER;XIRECS;10419.0;2
26000;;;GALAXY_SOUNDS_PLANETARY_RINGS;XIRECS;11576.0;2
26000;;;GALAXY_SOUNDS_SOLAR_FLAMES;XIRECS;11451.0;2
26000;;;GALAXY_SOUNDS_SOLAR_WINDS;XIRECS;9578.0;2
26000;;;OXYGEN_SHAKE_CHOCOLATE;XIRECS;9497.0;2
26000;;;OXYGEN_SHAKE_EVENING_BREATH;XIRECS;8494.0;2
26000;;;OXYGEN_SHAKE_GARLIC;XIRECS;12022.0;2
26000;;;OXYGEN_SHAKE_MINT;XIRECS;10186.0;2
26000;;;OXYGEN_SHAKE_MORNING_BREATH;XIRECS;10844.0;2
26000;;;PANEL_1X2;XIRECS;8246.0;2
26000;;;PANEL_1X4;XIRECS;11055.0;2
26000;;;PANEL_2X2;XIRECS;10036.0;2
26000;;;PANEL_2X4;XIRECS;10875.0;2
26000;;;PANEL_4X4;XIRECS;9631.0;2
26000;;;ROBOT_DISHES;XIRECS;9871.0;2
26000;;;ROBOT_IRONING;XIRECS;9716.0;2
26000;;;ROBOT_LAUNDRY;XIRECS;10314.0;2
26000;;;ROBOT_MOPPING;XIRECS;9980.0;2
26000;;;ROBOT_VACUUMING;XIRECS;9830.0;2
26000;;;SLEEP_POD_COTTON;XIRECS;11203.0;2
26000;;;SLEEP_POD_LAMB_WOOL;XIRECS;10445.0;2
26000;;;SLEEP_POD_NYLON;XIRECS;8717.0;2
26000;;;SLEEP_POD_POLYESTER;XIRECS;11806.0;2
26000;;;SLEEP_POD_SUEDE;XIRECS;10970.0;2
26000;;;SNACKPACK_CHOCOLATE;XIRECS;9998.0;2
26000;;;SNACKPACK_PISTACHIO;XIRECS;9523.0;2
26000;;;SNACKPACK_RASPBERRY;XIRECS;10195.0;2
26000;;;SNACKPACK_STRAWBERRY;XIRECS;10485.0;2
26000;;;SNACKPACK_VANILLA;XIRECS;9897.0;2
26000;;;TRANSLATOR_ASTRO_BLACK;XIRECS;9846.0;2
26000;;;TRANSLATOR_ECLIPSE_CHARCOAL;XIRECS;10275.0;2
26000;;;TRANSLATOR_GRAPHITE_MIST;XIRECS;9534.0;2
26000;;;TRANSLATOR_SPACE_GRAY;XIRECS;9330.0;2
26000;;;TRANSLATOR_VOID_BLUE;XIRECS;11173.0;2
26000;;;UV_VISOR_AMBER;XIRECS;8203.0;2
26000;;;UV_VISOR_MAGENTA;XIRECS;11533.0;2
26000;;;UV_VISOR_ORANGE;XIRECS;10133.0;2
26000;;;UV_VISOR_RED;XIRECS;10472.0;2
26000;;;UV_VISOR_YELLOW;XIRECS;11496.0;2
27400;;;GALAXY_SOUNDS_BLACK_HOLES;XIRECS;11426.0;1
27400;;;GALAXY_SOUNDS_DARK_MATTER;XIRECS;10417.0;1
27400;;;GALAXY_SOUNDS_PLANETARY_RINGS;XIRECS;11499.0;1
27400;;;GALAXY_SOUNDS_SOLAR_FLAMES;XIRECS;11449.0;1
27400;;;GALAXY_SOUNDS_SOLAR_WINDS;XIRECS;9546.0;1
27400;;;OXYGEN_SHAKE_CHOCOLATE;XIRECS;9526.0;1
27400;;;OXYGEN_SHAKE_EVENING_BREATH;XIRECS;8526.0;1
27400;;;OXYGEN_SHAKE_GARLIC;XIRECS;12026.0;1
27400;;;OXYGEN_SHAKE_MINT;XIRECS;10153.0;1
27400;;;OXYGEN_SHAKE_MORNING_BREATH;XIRECS;10860.0;1
27400;;;PANEL_1X2;XIRECS;8246.0;1
27400;;;PANEL_1X4;XIRECS;11033.0;1
27400;;;PANEL_2X2;XIRECS;9985.0;1
27400;;;PANEL_2X4;XIRECS;10893.0;1
27400;;;PANEL_4X4;XIRECS;9604.0;1
27400;;;ROBOT_DISHES;XIRECS;9930.0;1
27400;;;ROBOT_IRONING;XIRECS;9724.0;1
27400;;;ROBOT_LAUNDRY;XIRECS;10256.0;1
27400;;;ROBOT_MOPPING;XIRECS;9940.0;1
27400;;;ROBOT_VACUUMING;XIRECS;9822.0;1
27400;;;SLEEP_POD_COTTON;XIRECS;11204.0;1
27400;;;SLEEP_POD_LAMB_WOOL;XIRECS;10456.0;1
27400;;;SLEEP_POD_NYLON;XIRECS;8747.0;1
27400;;;SLEEP_POD_POLYESTER;XIRECS;11822.0;1
27400;;;SLEEP_POD_SUEDE;XIRECS;11024.0;1
27400;;;SNACKPACK_CHOCOLATE;XIRECS;10024.0;1
27400;;;SNACKPACK_PISTACHIO;XIRECS;9504.0;1
27400;;;SNACKPACK_RASPBERRY;XIRECS;10264.0;1
27400;;;SNACKPACK_STRAWBERRY;XIRECS;10443.0;1
27400;;;SNACKPACK_VANILLA;XIRECS;9904.0;1
27400;;;TRANSLATOR_ASTRO_BLACK;XIRECS;9868.0;1
27400;;;TRANSLATOR_ECLIPSE_CHARCOAL;XIRECS;10260.0;1
27400;;;TRANSLATOR_GRAPHITE_MIST;XIRECS;9504.0;1
27400;;;TRANSLATOR_SPACE_GRAY;XIRECS;9375.0;1
27400;;;TRANSLATOR_VOID_BLUE;XIRECS;11158.0;1
27400;;;UV_VISOR_AMBER;XIRECS;8221.0;1
27400;;;UV_VISOR_MAGENTA;XIRECS;11549.0;1
27400;;;UV_VISOR_ORANGE;XIRECS;10160.0;1
27400;;;UV_VISOR_RED;XIRECS;10495.0;1
27400;;;UV_VISOR_YELLOW;XIRECS;11542.0;1
29200;;;PEBBLES_L;XIRECS;10031.0;5
29200;;;PEBBLES_M;XIRECS;9177.0;5
29200;;;PEBBLES_S;XIRECS;9164.0;5
29200;;;PEBBLES_XL;XIRECS;13837.0;5
29200;;;PEBBLES_XS;XIRECS;7824.0;5
30600;;;PEBBLES_L;XIRECS;10018.0;5
30600;;;PEBBLES_M;XIRECS;9235.0;5
30600;;;PEBBLES_S;XIRECS;9209.0;5
30600;;;PEBBLES_XL;XIRECS;13742.0;5
30600;;;PEBBLES_XS;XIRECS;7828.0;5
31800;;;PEBBLES_L;XIRECS;10063.0;2
31800;;;PEBBLES_M;XIRECS;9216.0;2
31800;;;PEBBLES_S;XIRECS;9182.0;2
31800;;;PEBBLES_XL;XIRECS;13629.0;2
31800;;;PEBBLES_XS;XIRECS;7877.0;2
33400;;;PEBBLES_L;XIRECS;9998.0;2
33400;;;PEBBLES_M;XIRECS;9299.0;2
33400;;;PEBBLES_S;XIRECS;9181.0;2
33400;;;PEBBLES_XL;XIRECS;13535.0;2
33400;;;PEBBLES_XS;XIRECS;7955.0;2
34000;;;PEBBLES_L;XIRECS;10033.0;3
34000;;;PEBBLES_M;XIRECS;9207.0;3
34000;;;PEBBLES_S;XIRECS;9184.0;3
34000;;;PEBBLES_XL;XIRECS;13562.0;3
34000;;;PEBBLES_XS;XIRECS;7982.0;3
37000;;;GALAXY_SOUNDS_BLACK_HOLES;XIRECS;11521.0;4
37000;;;GALAXY_SOUNDS_DARK_MATTER;XIRECS;10188.0;4
37000;;;GALAXY_SOUNDS_PLANETARY_RINGS;XIRECS;11569.0;4
37000;;;GALAXY_SOUNDS_SOLAR_FLAMES;XIRECS;11368.0;4
37000;;;GALAXY_SOUNDS_SOLAR_WINDS;XIRECS;9438.0;4
37000;;;OXYGEN_SHAKE_CHOCOLATE;XIRECS;9608.0;4
37000;;;OXYGEN_SHAKE_EVENING_BREATH;XIRECS;8536.0;4
37000;;;OXYGEN_SHAKE_GARLIC;XIRECS;11964.0;4
37000;;;OXYGEN_SHAKE_MINT;XIRECS;10017.0;4
37000;;;OXYGEN_SHAKE_MORNING_BREATH;XIRECS;10908.0;4
37000;;;PANEL_1X2;XIRECS;8138.0;4
37000;;;PANEL_1X4;XIRECS;10952.0;4
37000;;;PANEL_2X2;XIRECS;9981.0;4
37000;;;PANEL_2X4;XIRECS;10923.0;4
37000;;;PANEL_4X4;XIRECS;9592.0;4
37000;;;ROBOT_DISHES;XIRECS;10043.0;4
37000;;;ROBOT_IRONING;XIRECS;9624.0;4
37000;;;ROBOT_LAUNDRY;XIRECS;10445.0;4
37000;;;ROBOT_MOPPING;XIRECS;9821.0;4
37000;;;ROBOT_VACUUMING;XIRECS;9924.0;4
37000;;;SLEEP_POD_COTTON;XIRECS;11200.0;4
37000;;;SLEEP_POD_LAMB_WOOL;XIRECS;10417.0;4
37000;;;SLEEP_POD_NYLON;XIRECS;8802.0;4
37000;;;SLEEP_POD_POLYESTER;XIRECS;11807.0;4
37000;;;SLEEP_POD_SUEDE;XIRECS;11326.0;4
37000;;;SNACKPACK_CHOCOLATE;XIRECS;10147.0;4
37000;;;SNACKPACK_PISTACHIO;XIRECS;9536.0;4
37000;;;SNACKPACK_RASPBERRY;XIRECS;10247.0;4
37000;;;SNACKPACK_STRAWBERRY;XIRECS;10478.0;4
37000;;;SNACKPACK_VANILLA;XIRECS;9798.0;4
37000;;;TRANSLATOR_ASTRO_BLACK;XIRECS;9935.0;4
37000;;;TRANSLATOR_ECLIPSE_CHARCOAL;XIRECS;10202.0;4
37000;;;TRANSLATOR_GRAPHITE_MIST;XIRECS;9559.0;4
37000;;;TRANSLATOR_SPACE_GRAY;XIRECS;9289.0;4
37000;;;TRANSLATOR_VOID_BLUE;XIRECS;11329.0;4
37000;;;UV_VISOR_AMBER;XIRECS;8217.0;4
37000;;;UV_VISOR_MAGENTA;XIRECS;11490.0;4
37000;;;UV_VISOR_ORANGE;XIRECS;10254.0;4
37000;;;UV_VISOR_RED;XIRECS;10368.0;4
37000;;;UV_VISOR_YELLOW;XIRECS;11490.0;4
42100;;;MICROCHIP_CIRCLE;XIRECS;9041.0;2
42100;;;MICROCHIP_OVAL;XIRECS;9325.0;2
42100;;;MICROCHIP_RECTANGLE;XIRECS;9284.0;2
42100;;;MICROCHIP_SQUARE;XIRECS;12469.0;2
42100;;;MICROCHIP_TRIANGLE;XIRECS;10043.0;2
44000;;;GALAXY_SOUNDS_BLACK_HOLES;XIRECS;11249.0;3
44000;;;GALAXY_SOUNDS_DARK_MATTER;XIRECS;10094.0;3
44000;;;GALAXY_SOUNDS_PLANETARY_RINGS;XIRECS;11622.0;3
44000;;;GALAXY_SOUNDS_SOLAR_FLAMES;XIRECS;11397.0;3
44000;;;GALAXY_SOUNDS_SOLAR_WINDS;XIRECS;9490.0;3
44000;;;OXYGEN_SHAKE_CHOCOLATE;XIRECS;9592.0;3
44000;;;OXYGEN_SHAKE_EVENING_BREATH;XIRECS;8544.0;3
44000;;;OXYGEN_SHAKE_GARLIC;XIRECS;11860.0;3
44000;;;OXYGEN_SHAKE_MINT;XIRECS;10106.0;3
44000;;;OXYGEN_SHAKE_MORNING_BREATH;XIRECS;10935.0;3
44000;;;PANEL_1X2;XIRECS;8104.0;3
44000;;;PANEL_1X4;XIRECS;10937.0;3
44000;;;PANEL_2X2;XIRECS;10068.0;3
44000;;;PANEL_2X4;XIRECS;10941.0;3
44000;;;PANEL_4X4;XIRECS;9713.0;3
44000;;;ROBOT_DISHES;XIRECS;10082.0;3
44000;;;ROBOT_IRONING;XIRECS;9716.0;3
44000;;;ROBOT_LAUNDRY;XIRECS;10413.0;3
44000;;;ROBOT_MOPPING;XIRECS;9883.0;3
44000;;;ROBOT_VACUUMING;XIRECS;9913.0;3
44000;;;SLEEP_POD_COTTON;XIRECS;11157.0;3
44000;;;SLEEP_POD_LAMB_WOOL;XIRECS;10397.0;3
44000;;;SLEEP_POD_NYLON;XIRECS;8855.0;3
44000;;;SLEEP_POD_POLYESTER;XIRECS;11628.0;3
44000;;;SLEEP_POD_SUEDE;XIRECS;11291.0;3
44000;;;SNACKPACK_CHOCOLATE;XIRECS;10052.0;3
44000;;;SNACKPACK_PISTACHIO;XIRECS;9573.0;3
44000;;;SNACKPACK_RASPBERRY;XIRECS;10179.0;3
44000;;;SNACKPACK_STRAWBERRY;XIRECS;10519.0;3
44000;;;SNACKPACK_VANILLA;XIRECS;9862.0;3
44000;;;TRANSLATOR_ASTRO_BLACK;XIRECS;9850.0;3
44000;;;TRANSLATOR_ECLIPSE_CHARCOAL;XIRECS;10171.0;3
44000;;;TRANSLATOR_GRAPHITE_MIST;XIRECS;9638.0;3
44000;;;TRANSLATOR_SPACE_GRAY;XIRECS;9255.0;3
44000;;;TRANSLATOR_VOID_BLUE;XIRECS;11121.0;3
44000;;;UV_VISOR_AMBER;XIRECS;8207.0;3
44000;;;UV_VISOR_MAGENTA;XIRECS;11336.0;3
44000;;;UV_VISOR_ORANGE;XIRECS;10089.0;3
44000;;;UV_VISOR_RED;XIRECS;10319.0;3
44000;;;UV_VISOR_YELLOW;XIRECS;11419.0;3
48900;;;PEBBLES_L;XIRECS;10114.0;3
48900;;;PEBBLES_M;XIRECS;8838.0;3
48900;;;PEBBLES_S;XIRECS;9005.0;3
48900;;;PEBBLES_XL;XIRECS;13817.0;3
48900;;;PEBBLES_XS;XIRECS;8193.0;3
51000;;;PEBBLES_L;XIRECS;10109.0;5
51000;;;PEBBLES_M;XIRECS;8798.0;5
51000;;;PEBBLES_S;XIRECS;9058.0;5
51000;;;PEBBLES_XL;XIRECS;13732.0;5
51000;;;PEBBLES_XS;XIRECS;8271.0;5
51800;;;PEBBLES_L;XIRECS;10125.0;4
51800;;;PEBBLES_M;XIRECS;8876.0;4
51800;;;PEBBLES_S;XIRECS;9067.0;4
51800;;;PEBBLES_XL;XIRECS;13601.0;4
51800;;;PEBBLES_XS;XIRECS;8299.0;4
52600;;;PEBBLES_L;XIRECS;10108.0;3
52600;;;PEBBLES_M;XIRECS;8844.0;3
52600;;;PEBBLES_S;XIRECS;9118.0;3
52600;;;PEBBLES_XL;XIRECS;13616.0;3
52600;;;PEBBLES_XS;XIRECS;8281.0;3
52700;;;GALAXY_SOUNDS_BLACK_HOLES;XIRECS;11261.0;4
52700;;;GALAXY_SOUNDS_DARK_MATTER;XIRECS;10218.0;4
52700;;;GALAXY_SOUNDS_PLANETARY_RINGS;XIRECS;11636.0;4
52700;;;GALAXY_SOUNDS_SOLAR_FLAMES;XIRECS;11478.0;4
52700;;;GALAXY_SOUNDS_SOLAR_WINDS;XIRECS;9517.0;4
52700;;;OXYGEN_SHAKE_CHOCOLATE;XIRECS;9547.0;4
52700;;;OXYGEN_SHAKE_EVENING_BREATH;XIRECS;8686.0;4
52700;;;OXYGEN_SHAKE_GARLIC;XIRECS;11618.0;4
52700;;;OXYGEN_SHAKE_MINT;XIRECS;10112.0;4
52700;;;OXYGEN_SHAKE_MORNING_BREATH;XIRECS;10985.0;4
52700;;;PANEL_1X2;XIRECS;8036.0;4
52700;;;PANEL_1X4;XIRECS;10815.0;4
52700;;;PANEL_2X2;XIRECS;10106.0;4
52700;;;PANEL_2X4;XIRECS;10871.0;4
52700;;;PANEL_4X4;XIRECS;9692.0;4
52700;;;ROBOT_DISHES;XIRECS;10166.0;4
52700;;;ROBOT_IRONING;XIRECS;9624.0;4
52700;;;ROBOT_LAUNDRY;XIRECS;10460.0;4
52700;;;ROBOT_MOPPING;XIRECS;10058.0;4
52700;;;ROBOT_VACUUMING;XIRECS;9799.0;4
52700;;;SLEEP_POD_COTTON;XIRECS;10981.0;4
52700;;;SLEEP_POD_LAMB_WOOL;XIRECS;10379.0;4
52700;;;SLEEP_POD_NYLON;XIRECS;8774.0;4
52700;;;SLEEP_POD_POLYESTER;XIRECS;11627.0;4
52700;;;SLEEP_POD_SUEDE;XIRECS;11356.0;4
52700;;;SNACKPACK_CHOCOLATE;XIRECS;10044.0;4
52700;;;SNACKPACK_PISTACHIO;XIRECS;9602.0;4
52700;;;SNACKPACK_RASPBERRY;XIRECS;10198.0;4
52700;;;SNACKPACK_STRAWBERRY;XIRECS;10543.0;4
52700;;;SNACKPACK_VANILLA;XIRECS;9908.0;4
52700;;;TRANSLATOR_ASTRO_BLACK;XIRECS;9932.0;4
52700;;;TRANSLATOR_ECLIPSE_CHARCOAL;XIRECS;10394.0;4
52700;;;TRANSLATOR_GRAPHITE_MIST;XIRECS;9592.0;4
52700;;;TRANSLATOR_SPACE_GRAY;XIRECS;9164.0;4
52700;;;TRANSLATOR_VOID_BLUE;XIRECS;11078.0;4
52700;;;UV_VISOR_AMBER;XIRECS;8183.0;4
52700;;;UV_VISOR_MAGENTA;XIRECS;11316.0;4
52700;;;UV_VISOR_ORANGE;XIRECS;9980.0;4
52700;;;UV_VISOR_RED;XIRECS;10393.0;4
52700;;;UV_VISOR_YELLOW;XIRECS;11442.0;4
55900;;;PEBBLES_L;XIRECS;10196.0;2
55900;;;PEBBLES_M;XIRECS;8693.0;2
55900;;;PEBBLES_S;XIRECS;9056.0;2
55900;;;PEBBLES_XL;XIRECS;13840.0;2
55900;;;PEBBLES_XS;XIRECS;8248.0;2
56400;;;GALAXY_SOUNDS_BLACK_HOLES;XIRECS;11225.0;1
56400;;;GALAXY_SOUNDS_DARK_MATTER;XIRECS;10247.0;1
56400;;;GALAXY_SOUNDS_PLANETARY_RINGS;XIRECS;11642.0;1
56400;;;GALAXY_SOUNDS_SOLAR_FLAMES;XIRECS;11372.0;1
56400;;;GALAXY_SOUNDS_SOLAR_WINDS;XIRECS;9462.0;1
56400;;;OXYGEN_SHAKE_CHOCOLATE;XIRECS;9501.0;1
56400;;;OXYGEN_SHAKE_EVENING_BREATH;XIRECS;8714.0;1
56400;;;OXYGEN_SHAKE_GARLIC;XIRECS;11730.0;1
56400;;;OXYGEN_SHAKE_MINT;XIRECS;10185.0;1
56400;;;OXYGEN_SHAKE_MORNING_BREATH;XIRECS;11090.0;1
56400;;;PANEL_1X2;XIRECS;8032.0;1
56400;;;PANEL_1X4;XIRECS;10803.0;1
56400;;;PANEL_2X2;XIRECS;10107.0;1
56400;;;PANEL_2X4;XIRECS;10849.0;1
56400;;;PANEL_4X4;XIRECS;9648.0;1
56400;;;ROBOT_DISHES;XIRECS;10274.0;1
56400;;;ROBOT_IRONING;XIRECS;9546.0;1
56400;;;ROBOT_LAUNDRY;XIRECS;10480.0;1
56400;;;ROBOT_MOPPING;XIRECS;10031.0;1
56400;;;ROBOT_VACUUMING;XIRECS;9721.0;1
56400;;;SLEEP_POD_COTTON;XIRECS;10871.0;1
56400;;;SLEEP_POD_LAMB_WOOL;XIRECS;10283.0;1
56400;;;SLEEP_POD_NYLON;XIRECS;8738.0;1
56400;;;SLEEP_POD_POLYESTER;XIRECS;11603.0;1
56400;;;SLEEP_POD_SUEDE;XIRECS;11343.0;1
56400;;;SNACKPACK_CHOCOLATE;XIRECS;10097.0;1
56400;;;SNACKPACK_PISTACHIO;XIRECS;9591.0;1
56400;;;SNACKPACK_RASPBERRY;XIRECS;10192.0;1
56400;;;SNACKPACK_STRAWBERRY;XIRECS;10540.0;1
56400;;;SNACKPACK_VANILLA;XIRECS;9823.0;1
56400;;;TRANSLATOR_ASTRO_BLACK;XIRECS;9914.0;1
56400;;;TRANSLATOR_ECLIPSE_CHARCOAL;XIRECS;10352.0;1
56400;;;TRANSLATOR_GRAPHITE_MIST;XIRECS;9672.0;1
56400;;;TRANSLATOR_SPACE_GRAY;XIRECS;9090.0;1
56400;;;TRANSLATOR_VOID_BLUE;XIRECS;11103.0;1
56400;;;UV_VISOR_AMBER;XIRECS;8251.0;1
56400;;;UV_VISOR_MAGENTA;XIRECS;11388.0;1
56400;;;UV_VISOR_ORANGE;XIRECS;10004.0;1
56400;;;UV_VISOR_RED;XIRECS;10334.0;1
56400;;;UV_VISOR_YELLOW;XIRECS;11398.0;1
56500;;;MICROCHIP_CIRCLE;XIRECS;9110.0;2
56500;;;MICROCHIP_OVAL;XIRECS;9166.0;2
56500;;;MICROCHIP_RECTANGLE;XIRECS;9157.0;2
56500;;;MICROCHIP_SQUARE;XIRECS;12687.0;2
56500;;;MICROCHIP_TRIANGLE;XIRECS;10119.0;2
56700;;;PEBBLES_L;XIRECS;10187.0;5
56700;;;PEBBLES_M;XIRECS;8642.0;5
56700;;;PEBBLES_S;XIRECS;8999.0;5
56700;;;PEBBLES_XL;XIRECS;13842.0;5
56700;;;PEBBLES_XS;XIRECS;8298.0;5
57500;;;MICROCHIP_CIRCLE;XIRECS;9118.0;3
57500;;;MICROCHIP_OVAL;XIRECS;9114.0;3
57500;;;MICROCHIP_RECTANGLE;XIRECS;9189.0;3
57500;;;MICROCHIP_SQUARE;XIRECS;12602.0;3
57500;;;MICROCHIP_TRIANGLE;XIRECS;10147.0;3
58800;;;GALAXY_SOUNDS_BLACK_HOLES;XIRECS;11196.0;2
58800;;;GALAXY_SOUNDS_DARK_MATTER;XIRECS;10265.0;2
58800;;;GALAXY_SOUNDS_PLANETARY_RINGS;XIRECS;11653.0;2
58800;;;GALAXY_SOUNDS_SOLAR_FLAMES;XIRECS;11449.0;2
58800;;;GALAXY_SOUNDS_SOLAR_WINDS;XIRECS;9508.0;2
58800;;;OXYGEN_SHAKE_CHOCOLATE;XIRECS;9474.0;2
58800;;;OXYGEN_SHAKE_EVENING_BREATH;XIRECS;8756.0;2
58800;;;OXYGEN_SHAKE_GARLIC;XIRECS;11684.0;2
58800;;;OXYGEN_SHAKE_MINT;XIRECS;10179.0;2
58800;;;OXYGEN_SHAKE_MORNING_BREATH;XIRECS;11112.0;2
58800;;;PANEL_1X2;XIRECS;7945.0;2
58800;;;PANEL_1X4;XIRECS;10753.0;2
58800;;;PANEL_2X2;XIRECS;10128.0;2
58800;;;PANEL_2X4;XIRECS;10853.0;2
58800;;;PANEL_4X4;XIRECS;9564.0;2
58800;;;ROBOT_DISHES;XIRECS;10245.0;2
58800;;;ROBOT_IRONING;XIRECS;9594.0;2
58800;;;ROBOT_LAUNDRY;XIRECS;10490.0;2
58800;;;ROBOT_MOPPING;XIRECS;10086.0;2
58800;;;ROBOT_VACUUMING;XIRECS;9750.0;2
58800;;;SLEEP_POD_COTTON;XIRECS;10860.0;2
58800;;;SLEEP_POD_LAMB_WOOL;XIRECS;10211.0;2
58800;;;SLEEP_POD_NYLON;XIRECS;8680.0;2
58800;;;SLEEP_POD_POLYESTER;XIRECS;11578.0;2
58800;;;SLEEP_POD_SUEDE;XIRECS;11385.0;2
58800;;;SNACKPACK_CHOCOLATE;XIRECS;10114.0;2
58800;;;SNACKPACK_PISTACHIO;XIRECS;9627.0;2
58800;;;SNACKPACK_RASPBERRY;XIRECS;10167.0;2
58800;;;SNACKPACK_STRAWBERRY;XIRECS;10602.0;2
58800;;;SNACKPACK_VANILLA;XIRECS;9836.0;2
58800;;;TRANSLATOR_ASTRO_BLACK;XIRECS;9952.0;2
58800;;;TRANSLATOR_ECLIPSE_CHARCOAL;XIRECS;10389.0;2
58800;;;TRANSLATOR_GRAPHITE_MIST;XIRECS;9689.0;2
58800;;;TRANSLATOR_SPACE_GRAY;XIRECS;9118.0;2
58800;;;TRANSLATOR_VOID_BLUE;XIRECS;11164.0;2
58800;;;UV_VISOR_AMBER;XIRECS;8273.0;2
58800;;;UV_VISOR_MAGENTA;XIRECS;11301.0;2
58800;;;UV_VISOR_ORANGE;XIRECS;10011.0;2
58800;;;UV_VISOR_RED;XIRECS;10299.0;2
58800;;;UV_VISOR_YELLOW;XIRECS;11387.0;2
61700;;;GALAXY_SOUNDS_BLACK_HOLES;XIRECS;11183.0;3
61700;;;GALAXY_SOUNDS_DARK_MATTER;XIRECS;10361.0;3
61700;;;GALAXY_SOUNDS_PLANETARY_RINGS;XIRECS;11646.0;3
61700;;;GALAXY_SOUNDS_SOLAR_FLAMES;XIRECS;11403.0;3
61700;;;GALAXY_SOUNDS_SOLAR_WINDS;XIRECS;9511.0;3
61700;;;OXYGEN_SHAKE_CHOCOLATE;XIRECS;9480.0;3
61700;;;OXYGEN_SHAKE_EVENING_BREATH;XIRECS;8786.0;3
61700;;;OXYGEN_SHAKE_GARLIC;XIRECS;11595.0;3
61700;;;OXYGEN_SHAKE_MINT;XIRECS;10203.0;3
61700;;;OXYGEN_SHAKE_MORNING_BREATH;XIRECS;11042.0;3
61700;;;PANEL_1X2;XIRECS;7895.0;3
61700;;;PANEL_1X4;XIRECS;10713.0;3
61700;;;PANEL_2X2;XIRECS;10204.0;3
61700;;;PANEL_2X4;XIRECS;10890.0;3
61700;;;PANEL_4X4;XIRECS;9499.0;3
61700;;;ROBOT_DISHES;XIRECS;10268.0;3
61700;;;ROBOT_IRONING;XIRECS;9574.0;3
61700;;;ROBOT_LAUNDRY;XIRECS;10542.0;3
61700;;;ROBOT_MOPPING;XIRECS;10039.0;3
61700;;;ROBOT_VACUUMING;XIRECS;9724.0;3
61700;;;SLEEP_POD_COTTON;XIRECS;10920.0;3
61700;;;SLEEP_POD_LAMB_WOOL;XIRECS;10141.0;3
61700;;;SLEEP_POD_NYLON;XIRECS;8706.0;3
61700;;;SLEEP_POD_POLYESTER;XIRECS;11613.0;3
61700;;;SLEEP_POD_SUEDE;XIRECS;11415.0;3
61700;;;SNACKPACK_CHOCOLATE;XIRECS;10090.0;3
61700;;;SNACKPACK_PISTACHIO;XIRECS;9621.0;3
61700;;;SNACKPACK_RASPBERRY;XIRECS;10206.0;3
61700;;;SNACKPACK_STRAWBERRY;XIRECS;10568.0;3
61700;;;SNACKPACK_VANILLA;XIRECS;9852.0;3
61700;;;TRANSLATOR_ASTRO_BLACK;XIRECS;9959.0;3
61700;;;TRANSLATOR_ECLIPSE_CHARCOAL;XIRECS;10419.0;3
61700;;;TRANSLATOR_GRAPHITE_MIST;XIRECS;9736.0;3
61700;;;TRANSLATOR_SPACE_GRAY;XIRECS;9174.0;3
61700;;;TRANSLATOR_VOID_BLUE;XIRECS;11143.0;3
61700;;;UV_VISOR_AMBER;XIRECS;8208.0;3
61700;;;UV_VISOR_MAGENTA;XIRECS;11352.0;3
61700;;;UV_VISOR_ORANGE;XIRECS;10073.0;3
61700;;;UV_VISOR_RED;XIRECS;10291.0;3
61700;;;UV_VISOR_YELLOW;XIRECS;11327.0;3
63500;;;MICROCHIP_CIRCLE;XIRECS;9210.0;3
63500;;;MICROCHIP_OVAL;XIRECS;9056.0;3
63500;;;MICROCHIP_RECTANGLE;XIRECS;9115.0;3
63500;;;MICROCHIP_SQUARE;XIRECS;12673.0;3
63500;;;MICROCHIP_TRIANGLE;XIRECS;10112.0;3
65100;;;PEBBLES_L;XIRECS;10227.0;3
65100;;;PEBBLES_M;XIRECS;8510.0;3
65100;;;PEBBLES_S;XIRECS;8989.0;3
65100;;;PEBBLES_XL;XIRECS;14071.0;3
65100;;;PEBBLES_XS;XIRECS;8171.0;3
66900;;;GALAXY_SOUNDS_BLACK_HOLES;XIRECS;11229.0;4
66900;;;GALAXY_SOUNDS_DARK_MATTER;XIRECS;10427.0;4
66900;;;GALAXY_SOUNDS_PLANETARY_RINGS;XIRECS;11626.0;4
66900;;;GALAXY_SOUNDS_SOLAR_FLAMES;XIRECS;11447.0;4
66900;;;GALAXY_SOUNDS_SOLAR_WINDS;XIRECS;9428.0;4
66900;;;OXYGEN_SHAKE_CHOCOLATE;XIRECS;9492.0;4
66900;;;OXYGEN_SHAKE_EVENING_BREATH;XIRECS;8724.0;4
66900;;;OXYGEN_SHAKE_GARLIC;XIRECS;11585.0;4
66900;;;OXYGEN_SHAKE_MINT;XIRECS;10191.0;4
66900;;;OXYGEN_SHAKE_MORNING_BREATH;XIRECS;11100.0;4
66900;;;PANEL_1X2;XIRECS;7899.0;4
66900;;;PANEL_1X4;XIRECS;10570.0;4
66900;;;PANEL_2X2;XIRECS;10130.0;4
66900;;;PANEL_2X4;XIRECS;10820.0;4
66900;;;PANEL_4X4;XIRECS;9532.0;4
66900;;;PEBBLES_L;XIRECS;10239.0;4
66900;;;PEBBLES_M;XIRECS;8520.0;4
66900;;;PEBBLES_S;XIRECS;9034.0;4
66900;;;PEBBLES_XL;XIRECS;13905.0;4
66900;;;PEBBLES_XS;XIRECS;8269.0;4
66900;;;ROBOT_DISHES;XIRECS;10118.0;4
66900;;;ROBOT_IRONING;XIRECS;9506.0;4
66900;;;ROBOT_LAUNDRY;XIRECS;10461.0;4
66900;;;ROBOT_MOPPING;XIRECS;9940.0;4
66900;;;ROBOT_VACUUMING;XIRECS;9763.0;4
66900;;;SLEEP_POD_COTTON;XIRECS;11021.0;4
66900;;;SLEEP_POD_LAMB_WOOL;XIRECS;10229.0;4
66900;;;SLEEP_POD_NYLON;XIRECS;8621.0;4
66900;;;SLEEP_POD_POLYESTER;XIRECS;11500.0;4
66900;;;SLEEP_POD_SUEDE;XIRECS;11334.0;4
66900;;;SNACKPACK_CHOCOLATE;XIRECS;10131.0;4
66900;;;SNACKPACK_PISTACHIO;XIRECS;9630.0;4
66900;;;SNACKPACK_RASPBERRY;XIRECS;10141.0;4
66900;;;SNACKPACK_STRAWBERRY;XIRECS;10613.0;4
66900;;;SNACKPACK_VANILLA;XIRECS;9775.0;4
66900;;;TRANSLATOR_ASTRO_BLACK;XIRECS;9976.0;4
66900;;;TRANSLATOR_ECLIPSE_CHARCOAL;XIRECS;10503.0;4
66900;;;TRANSLATOR_GRAPHITE_MIST;XIRECS;9760.0;4
66900;;;TRANSLATOR_SPACE_GRAY;XIRECS;9218.0;4
66900;;;TRANSLATOR_VOID_BLUE;XIRECS;11174.0;4
66900;;;UV_VISOR_AMBER;XIRECS;8171.0;4
66900;;;UV_VISOR_MAGENTA;XIRECS;11252.0;4
66900;;;UV_VISOR_ORANGE;XIRECS;9996.0;4
66900;;;UV_VISOR_RED;XIRECS;10268.0;4
66900;;;UV_VISOR_YELLOW;XIRECS;11233.0;4
69700;;;MICROCHIP_CIRCLE;XIRECS;9271.0;1
69700;;;MICROCHIP_OVAL;XIRECS;9011.0;1
69700;;;MICROCHIP_RECTANGLE;XIRECS;9233.0;1
69700;;;MICROCHIP_SQUARE;XIRECS;12793.0;1
69700;;;MICROCHIP_TRIANGLE;XIRECS;10169.0;1
72500;;;GALAXY_SOUNDS_BLACK_HOLES;XIRECS;11323.0;4
72500;;;GALAXY_SOUNDS_DARK_MATTER;XIRECS;10437.0;4
72500;;;GALAXY_SOUNDS_PLANETARY_RINGS;XIRECS;11507.0;4
72500;;;GALAXY_SOUNDS_SOLAR_FLAMES;XIRECS;11394.0;4
72500;;;GALAXY_SOUNDS_SOLAR_WINDS;XIRECS;9418.0;4
72500;;;OXYGEN_SHAKE_CHOCOLATE;XIRECS;9538.0;4
72500;;;OXYGEN_SHAKE_EVENING_BREATH;XIRECS;8774.0;4
72500;;;OXYGEN_SHAKE_GARLIC;XIRECS;11573.0;4
72500;;;OXYGEN_SHAKE_MINT;XIRECS;10225.0;4
72500;;;OXYGEN_SHAKE_MORNING_BREATH;XIRECS;11122.0;4
72500;;;PANEL_1X2;XIRECS;7847.0;4
72500;;;PANEL_1X4;XIRECS;10590.0;4
72500;;;PANEL_2X2;XIRECS;9950.0;4
72500;;;PANEL_2X4;XIRECS;10737.0;4
72500;;;PANEL_4X4;XIRECS;9622.0;4
72500;;;ROBOT_DISHES;XIRECS;10121.0;4
72500;;;ROBOT_IRONING;XIRECS;9446.0;4
72500;;;ROBOT_LAUNDRY;XIRECS;10414.0;4
72500;;;ROBOT_MOPPING;XIRECS;10053.0;4
72500;;;ROBOT_VACUUMING;XIRECS;9695.0;4
72500;;;SLEEP_POD_COTTON;XIRECS;10971.0;4
72500;;;SLEEP_POD_LAMB_WOOL;XIRECS;10412.0;4
72500;;;SLEEP_POD_NYLON;XIRECS;8631.0;4
72500;;;SLEEP_POD_POLYESTER;XIRECS;11637.0;4
72500;;;SLEEP_POD_SUEDE;XIRECS;11440.0;4
72500;;;SNACKPACK_CHOCOLATE;XIRECS;10078.0;4
72500;;;SNACKPACK_PISTACHIO;XIRECS;9626.0;4
72500;;;SNACKPACK_RASPBERRY;XIRECS;10127.0;4
72500;;;SNACKPACK_STRAWBERRY;XIRECS;10627.0;4
72500;;;SNACKPACK_VANILLA;XIRECS;9839.0;4
72500;;;TRANSLATOR_ASTRO_BLACK;XIRECS;9830.0;4
72500;;;TRANSLATOR_ECLIPSE_CHARCOAL;XIRECS;10426.0;4
72500;;;TRANSLATOR_GRAPHITE_MIST;XIRECS;9736.0;4
72500;;;TRANSLATOR_SPACE_GRAY;XIRECS;9277.0;4
72500;;;TRANSLATOR_VOID_BLUE;XIRECS;11354.0;4
72500;;;UV_VISOR_AMBER;XIRECS;8056.0;4
72500;;;UV_VISOR_MAGENTA;XIRECS;11230.0;4
72500;;;UV_VISOR_ORANGE;XIRECS;9987.0;4
72500;;;UV_VISOR_RED;XIRECS;10307.0;4
72500;;;UV_VISOR_YELLOW;XIRECS;11150.0;4
73700;;;GALAXY_SOUNDS_BLACK_HOLES;XIRECS;11277.0;4
73700;;;GALAXY_SOUNDS_DARK_MATTER;XIRECS;10479.0;4
73700;;;GALAXY_SOUNDS_PLANETARY_RINGS;XIRECS;11542.0;4
73700;;;GALAXY_SOUNDS_SOLAR_FLAMES;XIRECS;11393.0;4
73700;;;GALAXY_SOUNDS_SOLAR_WINDS;XIRECS;9526.0;4
73700;;;OXYGEN_SHAKE_CHOCOLATE;XIRECS;9626.0;4
73700;;;OXYGEN_SHAKE_EVENING_BREATH;XIRECS;8826.0;4
73700;;;OXYGEN_SHAKE_GARLIC;XIRECS;11602.0;4
73700;;;OXYGEN_SHAKE_MINT;XIRECS;10214.0;4
73700;;;OXYGEN_SHAKE_MORNING_BREATH;XIRECS;11180.0;4
73700;;;PANEL_1X2;XIRECS;7855.0;4
73700;;;PANEL_1X4;XIRECS;10607.0;4
73700;;;PANEL_2X2;XIRECS;9957.0;4
73700;;;PANEL_2X4;XIRECS;10781.0;4
73700;;;PANEL_4X4;XIRECS;9637.0;4
73700;;;ROBOT_DISHES;XIRECS;10138.0;4
73700;;;ROBOT_IRONING;XIRECS;9424.0;4
73700;;;ROBOT_LAUNDRY;XIRECS;10465.0;4
73700;;;ROBOT_MOPPING;XIRECS;10066.0;4
73700;;;ROBOT_VACUUMING;XIRECS;9688.0;4
73700;;;SLEEP_POD_COTTON;XIRECS;10930.0;4
73700;;;SLEEP_POD_LAMB_WOOL;XIRECS;10362.0;4
73700;;;SLEEP_POD_NYLON;XIRECS;8600.0;4
73700;;;SLEEP_POD_POLYESTER;XIRECS;11599.0;4
73700;;;SLEEP_POD_SUEDE;XIRECS;11440.0;4
73700;;;SNACKPACK_CHOCOLATE;XIRECS;10020.0;4
73700;;;SNACKPACK_PISTACHIO;XIRECS;9650.0;4
73700;;;SNACKPACK_RASPBERRY;XIRECS;10127.0;4
73700;;;SNACKPACK_STRAWBERRY;XIRECS;10666.0;4
73700;;;SNACKPACK_VANILLA;XIRECS;9928.0;4
73700;;;TRANSLATOR_ASTRO_BLACK;XIRECS;9832.0;4
73700;;;TRANSLATOR_ECLIPSE_CHARCOAL;XIRECS;10441.0;4
73700;;;TRANSLATOR_GRAPHITE_MIST;XIRECS;9728.0;4
73700;;;TRANSLATOR_SPACE_GRAY;XIRECS;9263.0;4
73700;;;TRANSLATOR_VOID_BLUE;XIRECS;11327.0;4
73700;;;UV_VISOR_AMBER;XIRECS;8106.0;4
73700;;;UV_VISOR_MAGENTA;XIRECS;11253.0;4
73700;;;UV_VISOR_ORANGE;XIRECS;9918.0;4
73700;;;UV_VISOR_RED;XIRECS;10346.0;4
73700;;;UV_VISOR_YELLOW;XIRECS;11183.0;4
74100;;;PEBBLES_L;XIRECS;10224.0;5
74100;;;PEBBLES_M;XIRECS;8622.0;5
74100;;;PEBBLES_S;XIRECS;9039.0;5
74100;;;PEBBLES_XL;XIRECS;13846.0;5
74100;;;PEBBLES_XS;XIRECS;8236.0;5
74200;;;GALAXY_SOUNDS_BLACK_HOLES;XIRECS;11218.0;2
74200;;;GALAXY_SOUNDS_DARK_MATTER;XIRECS;10480.0;2
74200;;;GALAXY_SOUNDS_PLANETARY_RINGS;XIRECS;11556.0;2
74200;;;GALAXY_SOUNDS_SOLAR_FLAMES;XIRECS;11320.0;2
74200;;;GALAXY_SOUNDS_SOLAR_WINDS;XIRECS;9535.0;2
74200;;;OXYGEN_SHAKE_CHOCOLATE;XIRECS;9656.0;2
74200;;;OXYGEN_SHAKE_EVENING_BREATH;XIRECS;8794.0;2
74200;;;OXYGEN_SHAKE_GARLIC;XIRECS;11596.0;2
74200;;;OXYGEN_SHAKE_MINT;XIRECS;10189.0;2
74200;;;OXYGEN_SHAKE_MORNING_BREATH;XIRECS;11180.0;2
74200;;;PANEL_1X2;XIRECS;7810.0;2
74200;;;PANEL_1X4;XIRECS;10601.0;2
74200;;;PANEL_2X2;XIRECS;9985.0;2
74200;;;PANEL_2X4;XIRECS;10759.0;2
74200;;;PANEL_4X4;XIRECS;9624.0;2
74200;;;ROBOT_DISHES;XIRECS;10138.0;2
74200;;;ROBOT_IRONING;XIRECS;9446.0;2
74200;;;ROBOT_LAUNDRY;XIRECS;10450.0;2
74200;;;ROBOT_MOPPING;XIRECS;10053.0;2
74200;;;ROBOT_VACUUMING;XIRECS;9692.0;2
74200;;;SLEEP_POD_COTTON;XIRECS;10893.0;2
74200;;;SLEEP_POD_LAMB_WOOL;XIRECS;10355.0;2
74200;;;SLEEP_POD_NYLON;XIRECS;8621.0;2
74200;;;SLEEP_POD_POLYESTER;XIRECS;11584.0;2
74200;;;SLEEP_POD_SUEDE;XIRECS;11434.0;2
74200;;;SNACKPACK_CHOCOLATE;XIRECS;10010.0;2
74200;;;SNACKPACK_PISTACHIO;XIRECS;9638.0;2
74200;;;SNACKPACK_RASPBERRY;XIRECS;10110.0;2
74200;;;SNACKPACK_STRAWBERRY;XIRECS;10649.0;2
74200;;;SNACKPACK_VANILLA;XIRECS;9904.0;2
74200;;;TRANSLATOR_ASTRO_BLACK;XIRECS;9820.0;2
74200;;;TRANSLATOR_ECLIPSE_CHARCOAL;XIRECS;10413.0;2
74200;;;TRANSLATOR_GRAPHITE_MIST;XIRECS;9723.0;2
74200;;;TRANSLATOR_SPACE_GRAY;XIRECS;9274.0;2
74200;;;TRANSLATOR_VOID_BLUE;XIRECS;11338.0;2
74200;;;UV_VISOR_AMBER;XIRECS;8104.0;2
74200;;;UV_VISOR_MAGENTA;XIRECS;11216.0;2
74200;;;UV_VISOR_ORANGE;XIRECS;9915.0;2
74200;;;UV_VISOR_RED;XIRECS;10332.0;2
74200;;;UV_VISOR_YELLOW;XIRECS;11217.0;2
75200;;;GALAXY_SOUNDS_BLACK_HOLES;XIRECS;11242.0;4
75200;;;GALAXY_SOUNDS_DARK_MATTER;XIRECS;10502.0;4
75200;;;GALAXY_SOUNDS_PLANETARY_RINGS;XIRECS;11593.0;4
75200;;;GALAXY_SOUNDS_SOLAR_FLAMES;XIRECS;11343.0;4
75200;;;GALAXY_SOUNDS_SOLAR_WINDS;XIRECS;9558.0;4
75200;;;OXYGEN_SHAKE_CHOCOLATE;XIRECS;9641.0;4
75200;;;OXYGEN_SHAKE_EVENING_BREATH;XIRECS;8846.0;4
75200;;;OXYGEN_SHAKE_GARLIC;XIRECS;11602.0;4
75200;;;OXYGEN_SHAKE_MINT;XIRECS;10177.0;4
75200;;;OXYGEN_SHAKE_MORNING_BREATH;XIRECS;11178.0;4
75200;;;PANEL_1X2;XIRECS;7811.0;4
75200;;;PANEL_1X4;XIRECS;10630.0;4
75200;;;PANEL_2X2;XIRECS;9973.0;4
75200;;;PANEL_2X4;XIRECS;10708.0;4
75200;;;PANEL_4X4;XIRECS;9608.0;4
75200;;;ROBOT_DISHES;XIRECS;10129.0;4
75200;;;ROBOT_IRONING;XIRECS;9474.0;4
75200;;;ROBOT_LAUNDRY;XIRECS;10441.0;4
75200;;;ROBOT_MOPPING;XIRECS;10041.0;4
75200;;;ROBOT_VACUUMING;XIRECS;9691.0;4
75200;;;SLEEP_POD_COTTON;XIRECS;10816.0;4
75200;;;SLEEP_POD_LAMB_WOOL;XIRECS;10400.0;4
75200;;;SLEEP_POD_NYLON;XIRECS;8599.0;4
75200;;;SLEEP_POD_POLYESTER;XIRECS;11633.0;4
75200;;;SLEEP_POD_SUEDE;XIRECS;11478.0;4
75200;;;SNACKPACK_CHOCOLATE;XIRECS;10009.0;4
75200;;;SNACKPACK_PISTACHIO;XIRECS;9625.0;4
75200;;;SNACKPACK_RASPBERRY;XIRECS;10159.0;4
75200;;;SNACKPACK_STRAWBERRY;XIRECS;10635.0;4
75200;;;SNACKPACK_VANILLA;XIRECS;9943.0;4
75200;;;TRANSLATOR_ASTRO_BLACK;XIRECS;9846.0;4
75200;;;TRANSLATOR_ECLIPSE_CHARCOAL;XIRECS;10406.0;4
75200;;;TRANSLATOR_GRAPHITE_MIST;XIRECS;9714.0;4
75200;;;TRANSLATOR_SPACE_GRAY;XIRECS;9251.0;4
75200;;;TRANSLATOR_VOID_BLUE;XIRECS;11403.0;4
75200;;;UV_VISOR_AMBER;XIRECS;8088.0;4
75200;;;UV_VISOR_MAGENTA;XIRECS;11258.0;4
75200;;;UV_VISOR_ORANGE;XIRECS;9942.0;4
75200;;;UV_VISOR_RED;XIRECS;10366.0;4
75200;;;UV_VISOR_YELLOW;XIRECS;11244.0;4
78100;;;GALAXY_SOUNDS_BLACK_HOLES;XIRECS;11176.0;3
78100;;;GALAXY_SOUNDS_DARK_MATTER;XIRECS;10511.0;3
78100;;;GALAXY_SOUNDS_PLANETARY_RINGS;XIRECS;11545.0;3
78100;;;GALAXY_SOUNDS_SOLAR_FLAMES;XIRECS;11322.0;3
78100;;;GALAXY_SOUNDS_SOLAR_WINDS;XIRECS;9530.0;3
78100;;;OXYGEN_SHAKE_CHOCOLATE;XIRECS;9710.0;3
78100;;;OXYGEN_SHAKE_EVENING_BREATH;XIRECS;8794.0;3
78100;;;OXYGEN_SHAKE_GARLIC;XIRECS;11647.0;3
78100;;;OXYGEN_SHAKE_MINT;XIRECS;10130.0;3
78100;;;OXYGEN_SHAKE_MORNING_BREATH;XIRECS;11104.0;3
78100;;;PANEL_1X2;XIRECS;7806.0;3
78100;;;PANEL_1X4;XIRECS;10579.0;3
78100;;;PANEL_2X2;XIRECS;9971.0;3
78100;;;PANEL_2X4;XIRECS;10680.0;3
78100;;;PANEL_4X4;XIRECS;9643.0;3
78100;;;ROBOT_DISHES;XIRECS;10091.0;3
78100;;;ROBOT_IRONING;XIRECS;9426.0;3
78100;;;ROBOT_LAUNDRY;XIRECS;10407.0;3
78100;;;ROBOT_MOPPING;XIRECS;10014.0;3
78100;;;ROBOT_VACUUMING;XIRECS;9591.0;3
78100;;;SLEEP_POD_COTTON;XIRECS;10788.0;3
78100;;;SLEEP_POD_LAMB_WOOL;XIRECS;10317.0;3
78100;;;SLEEP_POD_NYLON;XIRECS;8567.0;3
78100;;;SLEEP_POD_POLYESTER;XIRECS;11700.0;3
78100;;;SLEEP_POD_SUEDE;XIRECS;11475.0;3
78100;;;SNACKPACK_CHOCOLATE;XIRECS;9934.0;3
78100;;;SNACKPACK_PISTACHIO;XIRECS;9608.0;3
78100;;;SNACKPACK_RASPBERRY;XIRECS;10106.0;3
78100;;;SNACKPACK_STRAWBERRY;XIRECS;10661.0;3
78100;;;SNACKPACK_VANILLA;XIRECS;9992.0;3
78100;;;TRANSLATOR_ASTRO_BLACK;XIRECS;9832.0;3
78100;;;TRANSLATOR_ECLIPSE_CHARCOAL;XIRECS;10319.0;3
78100;;;TRANSLATOR_GRAPHITE_MIST;XIRECS;9671.0;3
78100;;;TRANSLATOR_SPACE_GRAY;XIRECS;9273.0;3
78100;;;TRANSLATOR_VOID_BLUE;XIRECS;11445.0;3
78100;;;UV_VISOR_AMBER;XIRECS;8006.0;3
78100;;;UV_VISOR_MAGENTA;XIRECS;11229.0;3
78100;;;UV_VISOR_ORANGE;XIRECS;9952.0;3
78100;;;UV_VISOR_RED;XIRECS;10388.0;3
78100;;;UV_VISOR_YELLOW;XIRECS;11293.0;3
80300;;;GALAXY_SOUNDS_BLACK_HOLES;XIRECS;11185.0;1
80300;;;GALAXY_SOUNDS_DARK_MATTER;XIRECS;10442.0;1
80300;;;GALAXY_SOUNDS_PLANETARY_RINGS;XIRECS;11515.0;1
80300;;;GALAXY_SOUNDS_SOLAR_FLAMES;XIRECS;11443.0;1
80300;;;GALAXY_SOUNDS_SOLAR_WINDS;XIRECS;9470.0;1
80300;;;OXYGEN_SHAKE_CHOCOLATE;XIRECS;9648.0;1
80300;;;OXYGEN_SHAKE_EVENING_BREATH;XIRECS;8866.0;1
80300;;;OXYGEN_SHAKE_GARLIC;XIRECS;11747.0;1
80300;;;OXYGEN_SHAKE_MINT;XIRECS;10196.0;1
80300;;;OXYGEN_SHAKE_MORNING_BREATH;XIRECS;11115.0;1
80300;;;PANEL_1X2;XIRECS;7843.0;1
80300;;;PANEL_1X4;XIRECS;10535.0;1
80300;;;PANEL_2X2;XIRECS;9958.0;1
80300;;;PANEL_2X4;XIRECS;10642.0;1
80300;;;PANEL_4X4;XIRECS;9584.0;1
80300;;;ROBOT_DISHES;XIRECS;10098.0;1
80300;;;ROBOT_IRONING;XIRECS;9424.0;1
80300;;;ROBOT_LAUNDRY;XIRECS;10341.0;1
80300;;;ROBOT_MOPPING;XIRECS;10062.0;1
80300;;;ROBOT_VACUUMING;XIRECS;9559.0;1
80300;;;SLEEP_POD_COTTON;XIRECS;10842.0;1
80300;;;SLEEP_POD_LAMB_WOOL;XIRECS;10274.0;1
80300;;;SLEEP_POD_NYLON;XIRECS;8563.0;1
80300;;;SLEEP_POD_POLYESTER;XIRECS;11578.0;1
80300;;;SLEEP_POD_SUEDE;XIRECS;11462.0;1
80300;;;SNACKPACK_CHOCOLATE;XIRECS;9913.0;1
80300;;;SNACKPACK_PISTACHIO;XIRECS;9666.0;1
80300;;;SNACKPACK_RASPBERRY;XIRECS;10079.0;1
80300;;;SNACKPACK_STRAWBERRY;XIRECS;10731.0;1
80300;;;SNACKPACK_VANILLA;XIRECS;10043.0;1
80300;;;TRANSLATOR_ASTRO_BLACK;XIRECS;9821.0;1
80300;;;TRANSLATOR_ECLIPSE_CHARCOAL;XIRECS;10377.0;1
80300;;;TRANSLATOR_GRAPHITE_MIST;XIRECS;9754.0;1
80300;;;TRANSLATOR_SPACE_GRAY;XIRECS;9355.0;1
80300;;;TRANSLATOR_VOID_BLUE;XIRECS;11352.0;1
80300;;;UV_VISOR_AMBER;XIRECS;7959.0;1
80300;;;UV_VISOR_MAGENTA;XIRECS;11286.0;1
80300;;;UV_VISOR_ORANGE;XIRECS;10021.0;1
80300;;;UV_VISOR_RED;XIRECS;10370.0;1
80300;;;UV_VISOR_YELLOW;XIRECS;11296.0;1
83900;;;PEBBLES_L;XIRECS;10194.0;5
83900;;;PEBBLES_M;XIRECS;8716.0;5
83900;;;PEBBLES_S;XIRECS;8973.0;5
83900;;;PEBBLES_XL;XIRECS;13966.0;5
83900;;;PEBBLES_XS;XIRECS;8184.0;5
84700;;;PEBBLES_L;XIRECS;10225.0;3
84700;;;PEBBLES_M;XIRECS;8678.0;3
84700;;;PEBBLES_S;XIRECS;9031.0;3
84700;;;PEBBLES_XL;XIRECS;13981.0;3
84700;;;PEBBLES_XS;XIRECS;8118.0;3
86800;;;GALAXY_SOUNDS_BLACK_HOLES;XIRECS;11224.0;3
86800;;;GALAXY_SOUNDS_DARK_MATTER;XIRECS;10354.0;3
86800;;;GALAXY_SOUNDS_PLANETARY_RINGS;XIRECS;11421.0;3
86800;;;GALAXY_SOUNDS_SOLAR_FLAMES;XIRECS;11521.0;3
86800;;;GALAXY_SOUNDS_SOLAR_WINDS;XIRECS;9443.0;3
86800;;;OXYGEN_SHAKE_CHOCOLATE;XIRECS;9459.0;3
86800;;;OXYGEN_SHAKE_EVENING_BREATH;XIRECS;8894.0;3
86800;;;OXYGEN_SHAKE_GARLIC;XIRECS;11773.0;3
86800;;;OXYGEN_SHAKE_MINT;XIRECS;10178.0;3
86800;;;OXYGEN_SHAKE_MORNING_BREATH;XIRECS;11182.0;3
86800;;;PANEL_1X2;XIRECS;7783.0;3
86800;;;PANEL_1X4;XIRECS;10527.0;3
86800;;;PANEL_2X2;XIRECS;9815.0;3
86800;;;PANEL_2X4;XIRECS;10714.0;3
86800;;;PANEL_4X4;XIRECS;9629.0;3
86800;;;ROBOT_DISHES;XIRECS;9983.0;3
86800;;;ROBOT_IRONING;XIRECS;9376.0;3
86800;;;ROBOT_LAUNDRY;XIRECS;10452.0;3
86800;;;ROBOT_MOPPING;XIRECS;9875.0;3
86800;;;ROBOT_VACUUMING;XIRECS;9648.0;3
86800;;;SLEEP_POD_COTTON;XIRECS;10872.0;3
86800;;;SLEEP_POD_LAMB_WOOL;XIRECS;10150.0;3
86800;;;SLEEP_POD_NYLON;XIRECS;8621.0;3
86800;;;SLEEP_POD_POLYESTER;XIRECS;11731.0;3
86800;;;SLEEP_POD_SUEDE;XIRECS;11352.0;3
86800;;;SNACKPACK_CHOCOLATE;XIRECS;9964.0;3
86800;;;SNACKPACK_PISTACHIO;XIRECS;9647.0;3
86800;;;SNACKPACK_RASPBERRY;XIRECS;10083.0;3
86800;;;SNACKPACK_STRAWBERRY;XIRECS;10726.0;3
86800;;;SNACKPACK_VANILLA;XIRECS;9954.0;3
86800;;;TRANSLATOR_ASTRO_BLACK;XIRECS;9788.0;3
86800;;;TRANSLATOR_ECLIPSE_CHARCOAL;XIRECS;10359.0;3
86800;;;TRANSLATOR_GRAPHITE_MIST;XIRECS;9638.0;3
86800;;;TRANSLATOR_SPACE_GRAY;XIRECS;9271.0;3
86800;;;TRANSLATOR_VOID_BLUE;XIRECS;11358.0;3
86800;;;UV_VISOR_AMBER;XIRECS;7863.0;3
86800;;;UV_VISOR_MAGENTA;XIRECS;11325.0;3
86800;;;UV_VISOR_ORANGE;XIRECS;10059.0;3
86800;;;UV_VISOR_RED;XIRECS;10362.0;3
86800;;;UV_VISOR_YELLOW;XIRECS;11317.0;3
88800;;;MICROCHIP_CIRCLE;XIRECS;9248.0;2
88800;;;MICROCHIP_OVAL;XIRECS;8901.0;2
88800;;;MICROCHIP_RECTANGLE;XIRECS;9223.0;2
88800;;;MICROCHIP_SQUARE;XIRECS;13080.0;2
88800;;;MICROCHIP_TRIANGLE;XIRECS;10151.0;2
91500;;;GALAXY_SOUNDS_BLACK_HOLES;XIRECS;11272.0;4
91500;;;GALAXY_SOUNDS_DARK_MATTER;XIRECS;10326.0;4
91500;;;GALAXY_SOUNDS_PLANETARY_RINGS;XIRECS;11447.0;4
91500;;;GALAXY_SOUNDS_SOLAR_FLAMES;XIRECS;11406.0;4
91500;;;GALAXY_SOUNDS_SOLAR_WINDS;XIRECS;9536.0;4
91500;;;OXYGEN_SHAKE_CHOCOLATE;XIRECS;9468.0;4
91500;;;OXYGEN_SHAKE_EVENING_BREATH;XIRECS;8876.0;4
91500;;;OXYGEN_SHAKE_GARLIC;XIRECS;11913.0;4
91500;;;OXYGEN_SHAKE_MINT;XIRECS;10262.0;4
91500;;;OXYGEN_SHAKE_MORNING_BREATH;XIRECS;11268.0;4
91500;;;PANEL_1X2;XIRECS;7791.0;4
91500;;;PANEL_1X4;XIRECS;10508.0;4
91500;;;PANEL_2X2;XIRECS;9851.0;4
91500;;;PANEL_2X4;XIRECS;10704.0;4
91500;;;PANEL_4X4;XIRECS;9590.0;4
91500;;;ROBOT_DISHES;XIRECS;10024.0;4
91500;;;ROBOT_IRONING;XIRECS;9454.0;4
91500;;;ROBOT_LAUNDRY;XIRECS;10529.0;4
91500;;;ROBOT_MOPPING;XIRECS;9967.0;4
91500;;;ROBOT_VACUUMING;XIRECS;9683.0;4
91500;;;SLEEP_POD_COTTON;XIRECS;10892.0;4
91500;;;SLEEP_POD_LAMB_WOOL;XIRECS;10149.0;4
91500;;;SLEEP_POD_NYLON;XIRECS;8631.0;4
91500;;;SLEEP_POD_POLYESTER;XIRECS;11662.0;4
91500;;;SLEEP_POD_SUEDE;XIRECS;11232.0;4
91500;;;SNACKPACK_CHOCOLATE;XIRECS;9974.0;4
91500;;;SNACKPACK_PISTACHIO;XIRECS;9664.0;4
91500;;;SNACKPACK_RASPBERRY;XIRECS;10095.0;4
91500;;;SNACKPACK_STRAWBERRY;XIRECS;10759.0;4
91500;;;SNACKPACK_VANILLA;XIRECS;9994.0;4
91500;;;TRANSLATOR_ASTRO_BLACK;XIRECS;9666.0;4
91500;;;TRANSLATOR_ECLIPSE_CHARCOAL;XIRECS;10341.0;4
91500;;;TRANSLATOR_GRAPHITE_MIST;XIRECS;9696.0;4
91500;;;TRANSLATOR_SPACE_GRAY;XIRECS;9280.0;4
91500;;;TRANSLATOR_VOID_BLUE;XIRECS;11344.0;4
91500;;;UV_VISOR_AMBER;XIRECS;7890.0;4
91500;;;UV_VISOR_MAGENTA;XIRECS;11368.0;4
91500;;;UV_VISOR_ORANGE;XIRECS;10067.0;4
91500;;;UV_VISOR_RED;XIRECS;10409.0;4
91500;;;UV_VISOR_YELLOW;XIRECS;11420.0;4
92000;;;MICROCHIP_CIRCLE;XIRECS;9151.0;1
92000;;;MICROCHIP_OVAL;XIRECS;9041.0;1
92000;;;MICROCHIP_RECTANGLE;XIRECS;9172.0;1
92000;;;MICROCHIP_SQUARE;XIRECS;13037.0;1
92000;;;MICROCHIP_TRIANGLE;XIRECS;10099.0;1
92200;;;GALAXY_SOUNDS_BLACK_HOLES;XIRECS;11304.0;3
92200;;;GALAXY_SOUNDS_DARK_MATTER;XIRECS;10327.0;3
92200;;;GALAXY_SOUNDS_PLANETARY_RINGS;XIRECS;11461.0;3
92200;;;GALAXY_SOUNDS_SOLAR_FLAMES;XIRECS;11422.0;3
92200;;;GALAXY_SOUNDS_SOLAR_WINDS;XIRECS;9513.0;3
92200;;;OXYGEN_SHAKE_CHOCOLATE;XIRECS;9471.0;3
92200;;;OXYGEN_SHAKE_EVENING_BREATH;XIRECS;8864.0;3
92200;;;OXYGEN_SHAKE_GARLIC;XIRECS;11909.0;3
92200;;;OXYGEN_SHAKE_MINT;XIRECS;10240.0;3
92200;;;OXYGEN_SHAKE_MORNING_BREATH;XIRECS;11264.0;3
92200;;;PANEL_1X2;XIRECS;7756.0;3
92200;;;PANEL_1X4;XIRECS;10504.0;3
92200;;;PANEL_2X2;XIRECS;9854.0;3
92200;;;PANEL_2X4;XIRECS;10739.0;3
92200;;;PANEL_4X4;XIRECS;9623.0;3
92200;;;ROBOT_DISHES;XIRECS;10033.0;3
92200;;;ROBOT_IRONING;XIRECS;9436.0;3
92200;;;ROBOT_LAUNDRY;XIRECS;10571.0;3
92200;;;ROBOT_MOPPING;XIRECS;9982.0;3
92200;;;ROBOT_VACUUMING;XIRECS;9683.0;3
92200;;;SLEEP_POD_COTTON;XIRECS;10895.0;3
92200;;;SLEEP_POD_LAMB_WOOL;XIRECS;10158.0;3
92200;;;SLEEP_POD_NYLON;XIRECS;8619.0;3
92200;;;SLEEP_POD_POLYESTER;XIRECS;11675.0;3
92200;;;SLEEP_POD_SUEDE;XIRECS;11249.0;3
92200;;;SNACKPACK_CHOCOLATE;XIRECS;9977.0;3
92200;;;SNACKPACK_PISTACHIO;XIRECS;9661.0;3
92200;;;SNACKPACK_RASPBERRY;XIRECS;10062.0;3
92200;;;SNACKPACK_STRAWBERRY;XIRECS;10767.0;3
92200;;;SNACKPACK_VANILLA;XIRECS;9962.0;3
92200;;;TRANSLATOR_ASTRO_BLACK;XIRECS;9671.0;3
92200;;;TRANSLATOR_ECLIPSE_CHARCOAL;XIRECS;10318.0;3
92200;;;TRANSLATOR_GRAPHITE_MIST;XIRECS;9686.0;3
92200;;;TRANSLATOR_SPACE_GRAY;XIRECS;9272.0;3
92200;;;TRANSLATOR_VOID_BLUE;XIRECS;11332.0;3
92200;;;UV_VISOR_AMBER;XIRECS;7835.0;3
92200;;;UV_VISOR_MAGENTA;XIRECS;11311.0;3
92200;;;UV_VISOR_ORANGE;XIRECS;10080.0;3
92200;;;UV_VISOR_RED;XIRECS;10433.0;3
92200;;;UV_VISOR_YELLOW;XIRECS;11426.0;3
94500;;;PEBBLES_L;XIRECS;10068.0;5
94500;;;PEBBLES_M;XIRECS;8409.0;5
94500;;;PEBBLES_S;XIRECS;9018.0;5
94500;;;PEBBLES_XL;XIRECS;14247.0;5
94500;;;PEBBLES_XS;XIRECS;8225.0;5
94700;;;GALAXY_SOUNDS_BLACK_HOLES;XIRECS;11331.0;1
94700;;;GALAXY_SOUNDS_DARK_MATTER;XIRECS;10282.0;1
94700;;;GALAXY_SOUNDS_PLANETARY_RINGS;XIRECS;11493.0;1
94700;;;GALAXY_SOUNDS_SOLAR_FLAMES;XIRECS;11461.0;1
94700;;;GALAXY_SOUNDS_SOLAR_WINDS;XIRECS;9496.0;1
94700;;;OXYGEN_SHAKE_CHOCOLATE;XIRECS;9455.0;1
94700;;;OXYGEN_SHAKE_EVENING_BREATH;XIRECS;8856.0;1
94700;;;OXYGEN_SHAKE_GARLIC;XIRECS;11977.0;1
94700;;;OXYGEN_SHAKE_MINT;XIRECS;10274.0;1
94700;;;OXYGEN_SHAKE_MORNING_BREATH;XIRECS;11334.0;1
94700;;;PANEL_1X2;XIRECS;7772.0;1
94700;;;PANEL_1X4;XIRECS;10392.0;1
94700;;;PANEL_2X2;XIRECS;9873.0;1
94700;;;PANEL_2X4;XIRECS;10768.0;1
94700;;;PANEL_4X4;XIRECS;9698.0;1
94700;;;ROBOT_DISHES;XIRECS;10032.0;1
94700;;;ROBOT_IRONING;XIRECS;9434.0;1
94700;;;ROBOT_LAUNDRY;XIRECS;10581.0;1
94700;;;ROBOT_MOPPING;XIRECS;10010.0;1
94700;;;ROBOT_VACUUMING;XIRECS;9715.0;1
94700;;;SLEEP_POD_COTTON;XIRECS;10814.0;1
94700;;;SLEEP_POD_LAMB_WOOL;XIRECS;10230.0;1
94700;;;SLEEP_POD_NYLON;XIRECS;8600.0;1
94700;;;SLEEP_POD_POLYESTER;XIRECS;11663.0;1
94700;;;SLEEP_POD_SUEDE;XIRECS;11336.0;1
94700;;;SNACKPACK_CHOCOLATE;XIRECS;9994.0;1
94700;;;SNACKPACK_PISTACHIO;XIRECS;9681.0;1
94700;;;SNACKPACK_RASPBERRY;XIRECS;10055.0;1
94700;;;SNACKPACK_STRAWBERRY;XIRECS;10805.0;1
94700;;;SNACKPACK_VANILLA;XIRECS;9962.0;1
94700;;;TRANSLATOR_ASTRO_BLACK;XIRECS;9660.0;1
94700;;;TRANSLATOR_ECLIPSE_CHARCOAL;XIRECS;10364.0;1
94700;;;TRANSLATOR_GRAPHITE_MIST;XIRECS;9737.0;1
94700;;;TRANSLATOR_SPACE_GRAY;XIRECS;9245.0;1
94700;;;TRANSLATOR_VOID_BLUE;XIRECS;11380.0;1
94700;;;UV_VISOR_AMBER;XIRECS;7858.0;1
94700;;;UV_VISOR_MAGENTA;XIRECS;11278.0;1
94700;;;UV_VISOR_ORANGE;XIRECS;10103.0;1
94700;;;UV_VISOR_RED;XIRECS;10444.0;1
94700;;;UV_VISOR_YELLOW;XIRECS;11366.0;1
96000;;;PEBBLES_L;XIRECS;10129.0;5
96000;;;PEBBLES_M;XIRECS;8562.0;5
96000;;;PEBBLES_S;XIRECS;9046.0;5
96000;;;PEBBLES_XL;XIRECS;14060.0;5
96000;;;PEBBLES_XS;XIRECS;8235.0;5
97900;;;MICROCHIP_CIRCLE;XIRECS;9257.0;3
97900;;;MICROCHIP_OVAL;XIRECS;9181.0;3
97900;;;MICROCHIP_RECTANGLE;XIRECS;9059.0;3
97900;;;MICROCHIP_SQUARE;XIRECS;12984.0;3
97900;;;MICROCHIP_TRIANGLE;XIRECS;10197.0;3
101900;;;MICROCHIP_CIRCLE;XIRECS;9340.0;2
101900;;;MICROCHIP_OVAL;XIRECS;9201.0;2
101900;;;MICROCHIP_RECTANGLE;XIRECS;9010.0;2
101900;;;MICROCHIP_SQUARE;XIRECS;12935.0;2
101900;;;MICROCHIP_TRIANGLE;XIRECS;10266.0;2
103200;;;PEBBLES_L;XIRECS;10098.0;2
103200;;;PEBBLES_M;XIRECS;8613.0;2
103200;;;PEBBLES_S;XIRECS;8967.0;2
103200;;;PEBBLES_XL;XIRECS;14181.0;2
103200;;;PEBBLES_XS;XIRECS;8174.0;2
104000;;;GALAXY_SOUNDS_BLACK_HOLES;XIRECS;11342.0;1
104000;;;GALAXY_SOUNDS_DARK_MATTER;XIRECS;10285.0;1
104000;;;GALAXY_SOUNDS_PLANETARY_RINGS;XIRECS;11277.0;1
104000;;;GALAXY_SOUNDS_SOLAR_FLAMES;XIRECS;11570.0;1
104000;;;GALAXY_SOUNDS_SOLAR_WINDS;XIRECS;9433.0;1
104000;;;OXYGEN_SHAKE_CHOCOLATE;XIRECS;9385.0;1
104000;;;OXYGEN_SHAKE_EVENING_BREATH;XIRECS;8884.0;1
104000;;;OXYGEN_SHAKE_GARLIC;XIRECS;11925.0;1
104000;;;OXYGEN_SHAKE_MINT;XIRECS;10349.0;1
104000;;;OXYGEN_SHAKE_MORNING_BREATH;XIRECS;11244.0;1
104000;;;PANEL_1X2;XIRECS;7877.0;1
104000;;;PANEL_1X4;XIRECS;10245.0;1
104000;;;PANEL_2X2;XIRECS;9975.0;1
104000;;;PANEL_2X4;XIRECS;10906.0;1
104000;;;PANEL_4X4;XIRECS;9689.0;1
104000;;;ROBOT_DISHES;XIRECS;10063.0;1
104000;;;ROBOT_IRONING;XIRECS;9486.0;1
104000;;;ROBOT_LAUNDRY;XIRECS;10654.0;1
104000;;;ROBOT_MOPPING;XIRECS;10081.0;1
104000;;;ROBOT_VACUUMING;XIRECS;9764.0;1
104000;;;SLEEP_POD_COTTON;XIRECS;10972.0;1
104000;;;SLEEP_POD_LAMB_WOOL;XIRECS;10250.0;1
104000;;;SLEEP_POD_NYLON;XIRECS;8586.0;1
104000;;;SLEEP_POD_POLYESTER;XIRECS;11465.0;1
104000;;;SLEEP_POD_SUEDE;XIRECS;11252.0;1
104000;;;SNACKPACK_CHOCOLATE;XIRECS;9969.0;1
104000;;;SNACKPACK_PISTACHIO;XIRECS;9667.0;1
104000;;;SNACKPACK_RASPBERRY;XIRECS;9997.0;1
104000;;;SNACKPACK_STRAWBERRY;XIRECS;10831.0;1
104000;;;SNACKPACK_VANILLA;XIRECS;9931.0;1
104000;;;TRANSLATOR_ASTRO_BLACK;XIRECS;9591.0;1
104000;;;TRANSLATOR_ECLIPSE_CHARCOAL;XIRECS;10258.0;1
104000;;;TRANSLATOR_GRAPHITE_MIST;XIRECS;9765.0;1
104000;;;TRANSLATOR_SPACE_GRAY;XIRECS;9225.0;1
104000;;;TRANSLATOR_VOID_BLUE;XIRECS;11471.0;1
104000;;;UV_VISOR_AMBER;XIRECS;7785.0;1
104000;;;UV_VISOR_MAGENTA;XIRECS;11278.0;1
104000;;;UV_VISOR_ORANGE;XIRECS;10254.0;1
104000;;;UV_VISOR_RED;XIRECS;10546.0;1
104000;;;UV_VISOR_YELLOW;XIRECS;11505.0;1
104400;;;PEBBLES_L;XIRECS;10094.0;2
104400;;;PEBBLES_M;XIRECS;8592.0;2
104400;;;PEBBLES_S;XIRECS;9113.0;2
104400;;;PEBBLES_XL;XIRECS;14036.0;2
104400;;;PEBBLES_XS;XIRECS;8132.0;2
104600;;;GALAXY_SOUNDS_BLACK_HOLES;XIRECS;11318.0;1
104600;;;GALAXY_SOUNDS_DARK_MATTER;XIRECS;10335.0;1
104600;;;GALAXY_SOUNDS_PLANETARY_RINGS;XIRECS;11225.0;1
104600;;;GALAXY_SOUNDS_SOLAR_FLAMES;XIRECS;11565.0;1
104600;;;GALAXY_SOUNDS_SOLAR_WINDS;XIRECS;9422.0;1
104600;;;OXYGEN_SHAKE_CHOCOLATE;XIRECS;9397.0;1
104600;;;OXYGEN_SHAKE_EVENING_BREATH;XIRECS;8854.0;1
104600;;;OXYGEN_SHAKE_GARLIC;XIRECS;11920.0;1
104600;;;OXYGEN_SHAKE_MINT;XIRECS;10341.0;1
104600;;;OXYGEN_SHAKE_MORNING_BREATH;XIRECS;11273.0;1
104600;;;PANEL_1X2;XIRECS;7869.0;1
104600;;;PANEL_1X4;XIRECS;10283.0;1
104600;;;PANEL_2X2;XIRECS;9966.0;1
104600;;;PANEL_2X4;XIRECS;10910.0;1
104600;;;PANEL_4X4;XIRECS;9722.0;1
104600;;;ROBOT_DISHES;XIRECS;10056.0;1
104600;;;ROBOT_IRONING;XIRECS;9456.0;1
104600;;;ROBOT_LAUNDRY;XIRECS;10685.0;1
104600;;;ROBOT_MOPPING;XIRECS;10047.0;1
104600;;;ROBOT_VACUUMING;XIRECS;9765.0;1
104600;;;SLEEP_POD_COTTON;XIRECS;10937.0;1
104600;;;SLEEP_POD_LAMB_WOOL;XIRECS;10239.0;1
104600;;;SLEEP_POD_NYLON;XIRECS;8598.0;1
104600;;;SLEEP_POD_POLYESTER;XIRECS;11403.0;1
104600;;;SLEEP_POD_SUEDE;XIRECS;11275.0;1
104600;;;SNACKPACK_CHOCOLATE;XIRECS;9951.0;1
104600;;;SNACKPACK_PISTACHIO;XIRECS;9672.0;1
104600;;;SNACKPACK_RASPBERRY;XIRECS;9982.0;1
104600;;;SNACKPACK_STRAWBERRY;XIRECS;10847.0;1
104600;;;SNACKPACK_VANILLA;XIRECS;9948.0;1
104600;;;TRANSLATOR_ASTRO_BLACK;XIRECS;9584.0;1
104600;;;TRANSLATOR_ECLIPSE_CHARCOAL;XIRECS;10300.0;1
104600;;;TRANSLATOR_GRAPHITE_MIST;XIRECS;9761.0;1
104600;;;TRANSLATOR_SPACE_GRAY;XIRECS;9247.0;1
104600;;;TRANSLATOR_VOID_BLUE;XIRECS;11490.0;1
104600;;;UV_VISOR_AMBER;XIRECS;7800.0;1
104600;;;UV_VISOR_MAGENTA;XIRECS;11273.0;1
104600;;;UV_VISOR_ORANGE;XIRECS;10229.0;1
104600;;;UV_VISOR_RED;XIRECS;10558.0;1
104600;;;UV_VISOR_YELLOW;XIRECS;11515.0;1
104900;;;GALAXY_SOUNDS_BLACK_HOLES;XIRECS;11361.0;1
104900;;;GALAXY_SOUNDS_DARK_MATTER;XIRECS;10381.0;1
104900;;;GALAXY_SOUNDS_PLANETARY_RINGS;XIRECS;11228.0;1
104900;;;GALAXY_SOUNDS_SOLAR_FLAMES;XIRECS;11598.0;1
104900;;;GALAXY_SOUNDS_SOLAR_WINDS;XIRECS;9434.0;1
104900;;;OXYGEN_SHAKE_CHOCOLATE;XIRECS;9413.0;1
104900;;;OXYGEN_SHAKE_EVENING_BREATH;XIRECS;8896.0;1
104900;;;OXYGEN_SHAKE_GARLIC;XIRECS;11954.0;1
104900;;;OXYGEN_SHAKE_MINT;XIRECS;10348.0;1
104900;;;OXYGEN_SHAKE_MORNING_BREATH;XIRECS;11316.0;1
104900;;;PANEL_1X2;XIRECS;7884.0;1
104900;;;PANEL_1X4;XIRECS;10306.0;1
104900;;;PANEL_2X2;XIRECS;9983.0;1
104900;;;PANEL_2X4;XIRECS;10927.0;1
104900;;;PANEL_4X4;XIRECS;9730.0;1
104900;;;ROBOT_DISHES;XIRECS;10055.0;1
104900;;;ROBOT_IRONING;XIRECS;9474.0;1
104900;;;ROBOT_LAUNDRY;XIRECS;10696.0;1
104900;;;ROBOT_MOPPING;XIRECS;10060.0;1
104900;;;ROBOT_VACUUMING;XIRECS;9767.0;1
104900;;;SLEEP_POD_COTTON;XIRECS;10956.0;1
104900;;;SLEEP_POD_LAMB_WOOL;XIRECS;10242.0;1
104900;;;SLEEP_POD_NYLON;XIRECS;8608.0;1
104900;;;SLEEP_POD_POLYESTER;XIRECS;11398.0;1
104900;;;SLEEP_POD_SUEDE;XIRECS;11290.0;1
104900;;;SNACKPACK_CHOCOLATE;XIRECS;9960.0;1
104900;;;SNACKPACK_PISTACHIO;XIRECS;9688.0;1
104900;;;SNACKPACK_RASPBERRY;XIRECS;9998.0;1
104900;;;SNACKPACK_STRAWBERRY;XIRECS;10870.0;1
104900;;;SNACKPACK_VANILLA;XIRECS;9974.0;1
104900;;;TRANSLATOR_ASTRO_BLACK;XIRECS;9587.0;1
104900;;;TRANSLATOR_ECLIPSE_CHARCOAL;XIRECS;10294.0;1
104900;;;TRANSLATOR_GRAPHITE_MIST;XIRECS;9771.0;1
104900;;;TRANSLATOR_SPACE_GRAY;XIRECS;9249.0;1
104900;;;TRANSLATOR_VOID_BLUE;XIRECS;11499.0;1
104900;;;UV_VISOR_AMBER;XIRECS;7787.0;1
104900;;;UV_VISOR_MAGENTA;XIRECS;11305.0;1
104900;;;UV_VISOR_ORANGE;XIRECS;10258.0;1
104900;;;UV_VISOR_RED;XIRECS;10562.0;1
104900;;;UV_VISOR_YELLOW;XIRECS;11521.0;1
105100;;;PEBBLES_L;XIRECS;10084.0;3
105100;;;PEBBLES_M;XIRECS;8536.0;3
105100;;;PEBBLES_S;XIRECS;9136.0;3
105100;;;PEBBLES_XL;XIRECS;14162.0;3
105100;;;PEBBLES_XS;XIRECS;8115.0;3
106100;;;PEBBLES_L;XIRECS;10187.0;4
106100;;;PEBBLES_M;XIRECS;8493.0;4
106100;;;PEBBLES_S;XIRECS;9160.0;4
106100;;;PEBBLES_XL;XIRECS;14054.0;4
106100;;;PEBBLES_XS;XIRECS;8138.0;4
112500;;;PEBBLES_L;XIRECS;10115.0;4
112500;;;PEBBLES_M;XIRECS;8777.0;4
112500;;;PEBBLES_S;XIRECS;9176.0;4
112500;;;PEBBLES_XL;XIRECS;13620.0;4
112500;;;PEBBLES_XS;XIRECS;8279.0;4
116000;;;MICROCHIP_CIRCLE;XIRECS;9520.0;2
116000;;;MICROCHIP_OVAL;XIRECS;9406.0;2
116000;;;MICROCHIP_RECTANGLE;XIRECS;8957.0;2
116000;;;MICROCHIP_SQUARE;XIRECS;13258.0;2
116000;;;MICROCHIP_TRIANGLE;XIRECS;10126.0;2
117500;;;PEBBLES_L;XIRECS;10136.0;5
117500;;;PEBBLES_M;XIRECS;8784.0;5
117500;;;PEBBLES_S;XIRECS;9220.0;5
117500;;;PEBBLES_XL;XIRECS;13615.0;5
117500;;;PEBBLES_XS;XIRECS;8277.0;5
119400;;;GALAXY_SOUNDS_BLACK_HOLES;XIRECS;11221.0;4
119400;;;GALAXY_SOUNDS_DARK_MATTER;XIRECS;10430.0;4
119400;;;GALAXY_SOUNDS_PLANETARY_RINGS;XIRECS;11302.0;4
119400;;;GALAXY_SOUNDS_SOLAR_FLAMES;XIRECS;11607.0;4
119400;;;GALAXY_SOUNDS_SOLAR_WINDS;XIRECS;9562.0;4
119400;;;OXYGEN_SHAKE_CHOCOLATE;XIRECS;9411.0;4
119400;;;OXYGEN_SHAKE_EVENING_BREATH;XIRECS;8896.0;4
119400;;;OXYGEN_SHAKE_GARLIC;XIRECS;12114.0;4
119400;;;OXYGEN_SHAKE_MINT;XIRECS;10339.0;4
119400;;;OXYGEN_SHAKE_MORNING_BREATH;XIRECS;11143.0;4
119400;;;PANEL_1X2;XIRECS;7862.0;4
119400;;;PANEL_1X4;XIRECS;10370.0;4
119400;;;PANEL_2X2;XIRECS;9980.0;4
119400;;;PANEL_2X4;XIRECS;10876.0;4
119400;;;PANEL_4X4;XIRECS;9474.0;4
119400;;;ROBOT_DISHES;XIRECS;10164.0;4
119400;;;ROBOT_IRONING;XIRECS;9343.0;4
119400;;;ROBOT_LAUNDRY;XIRECS;10457.0;4
119400;;;ROBOT_MOPPING;XIRECS;9943.0;4
119400;;;ROBOT_VACUUMING;XIRECS;9834.0;4
119400;;;SLEEP_POD_COTTON;XIRECS;10796.0;4
119400;;;SLEEP_POD_LAMB_WOOL;XIRECS;10102.0;4
119400;;;SLEEP_POD_NYLON;XIRECS;8716.0;4
119400;;;SLEEP_POD_POLYESTER;XIRECS;11397.0;4
119400;;;SLEEP_POD_SUEDE;XIRECS;11429.0;4
119400;;;SNACKPACK_CHOCOLATE;XIRECS;9908.0;4
119400;;;SNACKPACK_PISTACHIO;XIRECS;9668.0;4
119400;;;SNACKPACK_RASPBERRY;XIRECS;10001.0;4
119400;;;SNACKPACK_STRAWBERRY;XIRECS;10889.0;4
119400;;;SNACKPACK_VANILLA;XIRECS;10032.0;4
119400;;;TRANSLATOR_ASTRO_BLACK;XIRECS;9630.0;4
119400;;;TRANSLATOR_ECLIPSE_CHARCOAL;XIRECS;10390.0;4
119400;;;TRANSLATOR_GRAPHITE_MIST;XIRECS;9774.0;4
119400;;;TRANSLATOR_SPACE_GRAY;XIRECS;9175.0;4
119400;;;TRANSLATOR_VOID_BLUE;XIRECS;11387.0;4
119400;;;UV_VISOR_AMBER;XIRECS;7849.0;4
119400;;;UV_VISOR_MAGENTA;XIRECS;11147.0;4
119400;;;UV_VISOR_ORANGE;XIRECS;10300.0;4
119400;;;UV_VISOR_RED;XIRECS;10484.0;4
119400;;;UV_VISOR_YELLOW;XIRECS;11383.0;4
121900;;;GALAXY_SOUNDS_BLACK_HOLES;XIRECS;11176.0;4
121900;;;GALAXY_SOUNDS_DARK_MATTER;XIRECS;10371.0;4
121900;;;GALAXY_SOUNDS_PLANETARY_RINGS;XIRECS;11220.0;4
121900;;;GALAXY_SOUNDS_SOLAR_FLAMES;XIRECS;11580.0;4
121900;;;GALAXY_SOUNDS_SOLAR_WINDS;XIRECS;9458.0;4
121900;;;OXYGEN_SHAKE_CHOCOLATE;XIRECS;9354.0;4
121900;;;OXYGEN_SHAKE_EVENING_BREATH;XIRECS;8904.0;4
121900;;;OXYGEN_SHAKE_GARLIC;XIRECS;12094.0;4
121900;;;OXYGEN_SHAKE_MINT;XIRECS;10350.0;4
121900;;;OXYGEN_SHAKE_MORNING_BREATH;XIRECS;11227.0;4
121900;;;PANEL_1X2;XIRECS;7851.0;4
121900;;;PANEL_1X4;XIRECS;10325.0;4
121900;;;PANEL_2X2;XIRECS;10000.0;4
121900;;;PANEL_2X4;XIRECS;10898.0;4
121900;;;PANEL_4X4;XIRECS;9433.0;4
121900;;;ROBOT_DISHES;XIRECS;10126.0;4
121900;;;ROBOT_IRONING;XIRECS;9297.0;4
121900;;;ROBOT_LAUNDRY;XIRECS;10428.0;4
121900;;;ROBOT_MOPPING;XIRECS;9893.0;4
121900;;;ROBOT_VACUUMING;XIRECS;9853.0;4
121900;;;SLEEP_POD_COTTON;XIRECS;10785.0;4
121900;;;SLEEP_POD_LAMB_WOOL;XIRECS;10108.0;4
121900;;;SLEEP_POD_NYLON;XIRECS;8740.0;4
121900;;;SLEEP_POD_POLYESTER;XIRECS;11345.0;4
121900;;;SLEEP_POD_SUEDE;XIRECS;11422.0;4
121900;;;SNACKPACK_CHOCOLATE;XIRECS;9904.0;4
121900;;;SNACKPACK_PISTACHIO;XIRECS;9668.0;4
121900;;;SNACKPACK_RASPBERRY;XIRECS;9965.0;4
121900;;;SNACKPACK_STRAWBERRY;XIRECS;10906.0;4
121900;;;SNACKPACK_VANILLA;XIRECS;10006.0;4
121900;;;TRANSLATOR_ASTRO_BLACK;XIRECS;9592.0;4
121900;;;TRANSLATOR_ECLIPSE_CHARCOAL;XIRECS;10353.0;4
121900;;;TRANSLATOR_GRAPHITE_MIST;XIRECS;9754.0;4
121900;;;TRANSLATOR_SPACE_GRAY;XIRECS;9155.0;4
121900;;;TRANSLATOR_VOID_BLUE;XIRECS;11431.0;4
121900;;;UV_VISOR_AMBER;XIRECS;7860.0;4
121900;;;UV_VISOR_MAGENTA;XIRECS;11151.0;4
121900;;;UV_VISOR_ORANGE;XIRECS;10406.0;4
121900;;;UV_VISOR_RED;XIRECS;10518.0;4
121900;;;UV_VISOR_YELLOW;XIRECS;11242.0;4
122300;;;GALAXY_SOUNDS_BLACK_HOLES;XIRECS;11157.0;1
122300;;;GALAXY_SOUNDS_DARK_MATTER;XIRECS;10364.0;1
122300;;;GALAXY_SOUNDS_PLANETARY_RINGS;XIRECS;11229.0;1
122300;;;GALAXY_SOUNDS_SOLAR_FLAMES;XIRECS;11616.0;1
122300;;;GALAXY_SOUNDS_SOLAR_WINDS;XIRECS;9452.0;1
122300;;;OXYGEN_SHAKE_CHOCOLATE;XIRECS;9342.0;1
122300;;;OXYGEN_SHAKE_EVENING_BREATH;XIRECS;8884.0;1
122300;;;OXYGEN_SHAKE_GARLIC;XIRECS;12080.0;1
122300;;;OXYGEN_SHAKE_MINT;XIRECS;10327.0;1
122300;;;OXYGEN_SHAKE_MORNING_BREATH;XIRECS;11272.0;1
122300;;;PANEL_1X2;XIRECS;7866.0;1
122300;;;PANEL_1X4;XIRECS;10336.0;1
122300;;;PANEL_2X2;XIRECS;9963.0;1
122300;;;PANEL_2X4;XIRECS;10869.0;1
122300;;;PANEL_4X4;XIRECS;9419.0;1
122300;;;ROBOT_DISHES;XIRECS;10183.0;1
122300;;;ROBOT_IRONING;XIRECS;9307.0;1
122300;;;ROBOT_LAUNDRY;XIRECS;10407.0;1
122300;;;ROBOT_MOPPING;XIRECS;9937.0;1
122300;;;ROBOT_VACUUMING;XIRECS;9852.0;1
122300;;;SLEEP_POD_COTTON;XIRECS;10810.0;1
122300;;;SLEEP_POD_LAMB_WOOL;XIRECS;10146.0;1
122300;;;SLEEP_POD_NYLON;XIRECS;8755.0;1
122300;;;SLEEP_POD_POLYESTER;XIRECS;11328.0;1
122300;;;SLEEP_POD_SUEDE;XIRECS;11429.0;1
122300;;;SNACKPACK_CHOCOLATE;XIRECS;9919.0;1
122300;;;SNACKPACK_PISTACHIO;XIRECS;9666.0;1
122300;;;SNACKPACK_RASPBERRY;XIRECS;9972.0;1
122300;;;SNACKPACK_STRAWBERRY;XIRECS;10903.0;1
122300;;;SNACKPACK_VANILLA;XIRECS;9993.0;1
122300;;;TRANSLATOR_ASTRO_BLACK;XIRECS;9648.0;1
122300;;;TRANSLATOR_ECLIPSE_CHARCOAL;XIRECS;10335.0;1
122300;;;TRANSLATOR_GRAPHITE_MIST;XIRECS;9792.0;1
122300;;;TRANSLATOR_SPACE_GRAY;XIRECS;9145.0;1
122300;;;TRANSLATOR_VOID_BLUE;XIRECS;11410.0;1
122300;;;UV_VISOR_AMBER;XIRECS;7851.0;1
122300;;;UV_VISOR_MAGENTA;XIRECS;11153.0;1
122300;;;UV_VISOR_ORANGE;XIRECS;10359.0;1
122300;;;UV_VISOR_RED;XIRECS;10476.0;1
122300;;;UV_VISOR_YELLOW;XIRECS;11226.0;1
123200;;;PEBBLES_L;XIRECS;10069.0;5
123200;;;PEBBLES_M;XIRECS;8823.0;5
123200;;;PEBBLES_S;XIRECS;9184.0;5
123200;;;PEBBLES_XL;XIRECS;13786.0;5
123200;;;PEBBLES_XS;XIRECS;8171.0;5
124500;;;PEBBLES_L;XIRECS;10184.0;5
124500;;;PEBBLES_M;XIRECS;8760.0;5
124500;;;PEBBLES_S;XIRECS;9226.0;5
124500;;;PEBBLES_XL;XIRECS;13775.0;5
124500;;;PEBBLES_XS;XIRECS;8088.0;5
126100;;;PEBBLES_L;XIRECS;10221.0;5
126100;;;PEBBLES_M;XIRECS;8764.0;5
126100;;;PEBBLES_S;XIRECS;9182.0;5
126100;;;PEBBLES_XL;XIRECS;13854.0;5
126100;;;PEBBLES_XS;XIRECS;8011.0;5
127300;;;PEBBLES_L;XIRECS;10158.0;4
127300;;;PEBBLES_M;XIRECS;8743.0;4
127300;;;PEBBLES_S;XIRECS;9190.0;4
127300;;;PEBBLES_XL;XIRECS;13913.0;4
127300;;;PEBBLES_XS;XIRECS;7963.0;4
129500;;;MICROCHIP_CIRCLE;XIRECS;9386.0;3
129500;;;MICROCHIP_OVAL;XIRECS;9402.0;3
129500;;;MICROCHIP_RECTANGLE;XIRECS;8924.0;3
129500;;;MICROCHIP_SQUARE;XIRECS;12949.0;3
129500;;;MICROCHIP_TRIANGLE;XIRECS;10539.0;3
129700;;;MICROCHIP_CIRCLE;XIRECS;9405.0;1
129700;;;MICROCHIP_OVAL;XIRECS;9415.0;1
129700;;;MICROCHIP_RECTANGLE;XIRECS;8928.0;1
129700;;;MICROCHIP_SQUARE;XIRECS;12985.0;1
129700;;;MICROCHIP_TRIANGLE;XIRECS;10585.0;1
130500;;;PEBBLES_L;XIRECS;10243.0;4
130500;;;PEBBLES_M;XIRECS;8790.0;4
130500;;;PEBBLES_S;XIRECS;9212.0;4
130500;;;PEBBLES_XL;XIRECS;13790.0;4
130500;;;PEBBLES_XS;XIRECS;7933.0;4
134100;;;MICROCHIP_CIRCLE;XIRECS;9433.0;3
134100;;;MICROCHIP_OVAL;XIRECS;9574.0;3
134100;;;MICROCHIP_RECTANGLE;XIRECS;8943.0;3
134100;;;MICROCHIP_SQUARE;XIRECS;13066.0;3
134100;;;MICROCHIP_TRIANGLE;XIRECS;10724.0;3
137100;;;MICROCHIP_CIRCLE;XIRECS;9522.0;3
137100;;;MICROCHIP_OVAL;XIRECS;9585.0;3
137100;;;MICROCHIP_RECTANGLE;XIRECS;8992.0;3
137100;;;MICROCHIP_SQUARE;XIRECS;13360.0;3
137100;;;MICROCHIP_TRIANGLE;XIRECS;10771.0;3
137400;;;MICROCHIP_CIRCLE;XIRECS;9504.0;2
137400;;;MICROCHIP_OVAL;XIRECS;9563.0;2
137400;;;MICROCHIP_RECTANGLE;XIRECS;8967.0;2
137400;;;MICROCHIP_SQUARE;XIRECS;13376.0;2
137400;;;MICROCHIP_TRIANGLE;XIRECS;10754.0;2
137600;;;PEBBLES_L;XIRECS;10222.0;2
137600;;;PEBBLES_M;XIRECS;9007.0;2
137600;;;PEBBLES_S;XIRECS;9325.0;2
137600;;;PEBBLES_XL;XIRECS;13574.0;2
137600;;;PEBBLES_XS;XIRECS;7840.0;2
139800;;;GALAXY_SOUNDS_BLACK_HOLES;XIRECS;11187.0;4
139800;;;GALAXY_SOUNDS_DARK_MATTER;XIRECS;10095.0;4
139800;;;GALAXY_SOUNDS_PLANETARY_RINGS;XIRECS;11325.0;4
139800;;;GALAXY_SOUNDS_SOLAR_FLAMES;XIRECS;11561.0;4
139800;;;GALAXY_SOUNDS_SOLAR_WINDS;XIRECS;9652.0;4
139800;;;OXYGEN_SHAKE_CHOCOLATE;XIRECS;9407.0;4
139800;;;OXYGEN_SHAKE_EVENING_BREATH;XIRECS;8914.0;4
139800;;;OXYGEN_SHAKE_GARLIC;XIRECS;12033.0;4
139800;;;OXYGEN_SHAKE_MINT;XIRECS;9992.0;4
139800;;;OXYGEN_SHAKE_MORNING_BREATH;XIRECS;11139.0;4
139800;;;PANEL_1X2;XIRECS;7966.0;4
139800;;;PANEL_1X4;XIRECS;10204.0;4
139800;;;PANEL_2X2;XIRECS;9963.0;4
139800;;;PANEL_2X4;XIRECS;10756.0;4
139800;;;PANEL_4X4;XIRECS;9257.0;4
139800;;;ROBOT_DISHES;XIRECS;10041.0;4
139800;;;ROBOT_IRONING;XIRECS;9347.0;4
139800;;;ROBOT_LAUNDRY;XIRECS;10435.0;4
139800;;;ROBOT_MOPPING;XIRECS;9762.0;4
139800;;;ROBOT_VACUUMING;XIRECS;9613.0;4
139800;;;SLEEP_POD_COTTON;XIRECS;10778.0;4
139800;;;SLEEP_POD_LAMB_WOOL;XIRECS;9997.0;4
139800;;;SLEEP_POD_NYLON;XIRECS;8682.0;4
139800;;;SLEEP_POD_POLYESTER;XIRECS;11530.0;4
139800;;;SLEEP_POD_SUEDE;XIRECS;11414.0;4
139800;;;SNACKPACK_CHOCOLATE;XIRECS;9934.0;4
139800;;;SNACKPACK_PISTACHIO;XIRECS;9631.0;4
139800;;;SNACKPACK_RASPBERRY;XIRECS;10042.0;4
139800;;;SNACKPACK_STRAWBERRY;XIRECS;10803.0;4
139800;;;SNACKPACK_VANILLA;XIRECS;9975.0;4
139800;;;TRANSLATOR_ASTRO_BLACK;XIRECS;9491.0;4
139800;;;TRANSLATOR_ECLIPSE_CHARCOAL;XIRECS;10410.0;4
139800;;;TRANSLATOR_GRAPHITE_MIST;XIRECS;9787.0;4
139800;;;TRANSLATOR_SPACE_GRAY;XIRECS;9114.0;4
139800;;;TRANSLATOR_VOID_BLUE;XIRECS;11531.0;4
139800;;;UV_VISOR_AMBER;XIRECS;7943.0;4
139800;;;UV_VISOR_MAGENTA;XIRECS;11245.0;4
139800;;;UV_VISOR_ORANGE;XIRECS;10510.0;4
139800;;;UV_VISOR_RED;XIRECS;10618.0;4
139800;;;UV_VISOR_YELLOW;XIRECS;11274.0;4
141000;;;MICROCHIP_CIRCLE;XIRECS;9439.0;1
141000;;;MICROCHIP_OVAL;XIRECS;9461.0;1
141000;;;MICROCHIP_RECTANGLE;XIRECS;9174.0;1
141000;;;MICROCHIP_SQUARE;XIRECS;13300.0;1
141000;;;MICROCHIP_TRIANGLE;XIRECS;10815.0;1
141100;;;MICROCHIP_CIRCLE;XIRECS;9445.0;3
141100;;;MICROCHIP_OVAL;XIRECS;9425.0;3
141100;;;MICROCHIP_RECTANGLE;XIRECS;9174.0;3
141100;;;MICROCHIP_SQUARE;XIRECS;13306.0;3
141100;;;MICROCHIP_TRIANGLE;XIRECS;10787.0;3
142000;;;PEBBLES_L;XIRECS;10384.0;3
142000;;;PEBBLES_M;XIRECS;8987.0;3
142000;;;PEBBLES_S;XIRECS;9142.0;3
142000;;;PEBBLES_XL;XIRECS;13559.0;3
142000;;;PEBBLES_XS;XIRECS;7896.0;3
142300;;;PEBBLES_L;XIRECS;10395.0;5
142300;;;PEBBLES_M;XIRECS;8989.0;5
142300;;;PEBBLES_S;XIRECS;9092.0;5
142300;;;PEBBLES_XL;XIRECS;13670.0;5
142300;;;PEBBLES_XS;XIRECS;7886.0;5
144000;;;MICROCHIP_CIRCLE;XIRECS;9340.0;1
144000;;;MICROCHIP_OVAL;XIRECS;9427.0;1
144000;;;MICROCHIP_RECTANGLE;XIRECS;9046.0;1
144000;;;MICROCHIP_SQUARE;XIRECS;13393.0;1
144000;;;MICROCHIP_TRIANGLE;XIRECS;10660.0;1
144100;;;MICROCHIP_CIRCLE;XIRECS;9344.0;2
144100;;;MICROCHIP_OVAL;XIRECS;9416.0;2
144100;;;MICROCHIP_RECTANGLE;XIRECS;9054.0;2
144100;;;MICROCHIP_SQUARE;XIRECS;13375.0;2
144100;;;MICROCHIP_TRIANGLE;XIRECS;10680.0;2
151200;;;MICROCHIP_CIRCLE;XIRECS;9290.0;1
151200;;;MICROCHIP_OVAL;XIRECS;9416.0;1
151200;;;MICROCHIP_RECTANGLE;XIRECS;8995.0;1
151200;;;MICROCHIP_SQUARE;XIRECS;13297.0;1
151200;;;MICROCHIP_TRIANGLE;XIRECS;10581.0;1
151700;;;GALAXY_SOUNDS_BLACK_HOLES;XIRECS;11368.0;3
151700;;;GALAXY_SOUNDS_DARK_MATTER;XIRECS;10249.0;3
151700;;;GALAXY_SOUNDS_PLANETARY_RINGS;XIRECS;11448.0;3
151700;;;GALAXY_SOUNDS_SOLAR_FLAMES;XIRECS;11860.0;3
151700;;;GALAXY_SOUNDS_SOLAR_WINDS;XIRECS;9747.0;3
151700;;;OXYGEN_SHAKE_CHOCOLATE;XIRECS;9366.0;3
151700;;;OXYGEN_SHAKE_EVENING_BREATH;XIRECS;9036.0;3
151700;;;OXYGEN_SHAKE_GARLIC;XIRECS;12104.0;3
151700;;;OXYGEN_SHAKE_MINT;XIRECS;10034.0;3
151700;;;OXYGEN_SHAKE_MORNING_BREATH;XIRECS;11030.0;3
151700;;;PANEL_1X2;XIRECS;8037.0;3
151700;;;PANEL_1X4;XIRECS;10402.0;3
151700;;;PANEL_2X2;XIRECS;9933.0;3
151700;;;PANEL_2X4;XIRECS;10791.0;3
151700;;;PANEL_4X4;XIRECS;9289.0;3
151700;;;ROBOT_DISHES;XIRECS;9911.0;3
151700;;;ROBOT_IRONING;XIRECS;9293.0;3
151700;;;ROBOT_LAUNDRY;XIRECS;10511.0;3
151700;;;ROBOT_MOPPING;XIRECS;9855.0;3
151700;;;ROBOT_VACUUMING;XIRECS;9707.0;3
151700;;;SLEEP_POD_COTTON;XIRECS;10784.0;3
151700;;;SLEEP_POD_LAMB_WOOL;XIRECS;9905.0;3
151700;;;SLEEP_POD_NYLON;XIRECS;8656.0;3
151700;;;SLEEP_POD_POLYESTER;XIRECS;11759.0;3
151700;;;SLEEP_POD_SUEDE;XIRECS;11388.0;3
151700;;;SNACKPACK_CHOCOLATE;XIRECS;9894.0;3
151700;;;SNACKPACK_PISTACHIO;XIRECS;9619.0;3
151700;;;SNACKPACK_RASPBERRY;XIRECS;10075.0;3
151700;;;SNACKPACK_STRAWBERRY;XIRECS;10825.0;3
151700;;;SNACKPACK_VANILLA;XIRECS;10040.0;3
151700;;;TRANSLATOR_ASTRO_BLACK;XIRECS;9295.0;3
151700;;;TRANSLATOR_ECLIPSE_CHARCOAL;XIRECS;10328.0;3
151700;;;TRANSLATOR_GRAPHITE_MIST;XIRECS;9760.0;3
151700;;;TRANSLATOR_SPACE_GRAY;XIRECS;8967.0;3
151700;;;TRANSLATOR_VOID_BLUE;XIRECS;11572.0;3
151700;;;UV_VISOR_AMBER;XIRECS;7798.0;3
151700;;;UV_VISOR_MAGENTA;XIRECS;11183.0;3
151700;;;UV_VISOR_ORANGE;XIRECS;10595.0;3
151700;;;UV_VISOR_RED;XIRECS;10485.0;3
151700;;;UV_VISOR_YELLOW;XIRECS;11475.0;3
152600;;;PEBBLES_L;XIRECS;10381.0;3
152600;;;PEBBLES_M;XIRECS;9074.0;3
152600;;;PEBBLES_S;XIRECS;9098.0;3
152600;;;PEBBLES_XL;XIRECS;13498.0;3
152600;;;PEBBLES_XS;XIRECS;7982.0;3
157700;;;PEBBLES_L;XIRECS;10298.0;4
157700;;;PEBBLES_M;XIRECS;8999.0;4
157700;;;PEBBLES_S;XIRECS;9066.0;4
157700;;;PEBBLES_XL;XIRECS;13669.0;4
157700;;;PEBBLES_XS;XIRECS;7935.0;4
158600;;;GALAXY_SOUNDS_BLACK_HOLES;XIRECS;11311.0;3
158600;;;GALAXY_SOUNDS_DARK_MATTER;XIRECS;10233.0;3
158600;;;GALAXY_SOUNDS_PLANETARY_RINGS;XIRECS;11350.0;3
158600;;;GALAXY_SOUNDS_SOLAR_FLAMES;XIRECS;11703.0;3
158600;;;GALAXY_SOUNDS_SOLAR_WINDS;XIRECS;9740.0;3
158600;;;OXYGEN_SHAKE_CHOCOLATE;XIRECS;9380.0;3
158600;;;OXYGEN_SHAKE_EVENING_BREATH;XIRECS;9106.0;3
158600;;;OXYGEN_SHAKE_GARLIC;XIRECS;12021.0;3
158600;;;OXYGEN_SHAKE_MINT;XIRECS;9978.0;3
158600;;;OXYGEN_SHAKE_MORNING_BREATH;XIRECS;10958.0;3
158600;;;PANEL_1X2;XIRECS;7898.0;3
158600;;;PANEL_1X4;XIRECS;10490.0;3
158600;;;PANEL_2X2;XIRECS;9828.0;3
158600;;;PANEL_2X4;XIRECS;10877.0;3
158600;;;PANEL_4X4;XIRECS;9320.0;3
158600;;;ROBOT_DISHES;XIRECS;9960.0;3
158600;;;ROBOT_IRONING;XIRECS;9193.0;3
158600;;;ROBOT_LAUNDRY;XIRECS;10485.0;3
158600;;;ROBOT_MOPPING;XIRECS;9823.0;3
158600;;;ROBOT_VACUUMING;XIRECS;9769.0;3
158600;;;SLEEP_POD_COTTON;XIRECS;10918.0;3
158600;;;SLEEP_POD_LAMB_WOOL;XIRECS;9931.0;3
158600;;;SLEEP_POD_NYLON;XIRECS;8698.0;3
158600;;;SLEEP_POD_POLYESTER;XIRECS;11830.0;3
158600;;;SLEEP_POD_SUEDE;XIRECS;11236.0;3
158600;;;SNACKPACK_CHOCOLATE;XIRECS;9922.0;3
158600;;;SNACKPACK_PISTACHIO;XIRECS;9649.0;3
158600;;;SNACKPACK_RASPBERRY;XIRECS;10023.0;3
158600;;;SNACKPACK_STRAWBERRY;XIRECS;10888.0;3
158600;;;SNACKPACK_VANILLA;XIRECS;10040.0;3
158600;;;TRANSLATOR_ASTRO_BLACK;XIRECS;9436.0;3
158600;;;TRANSLATOR_ECLIPSE_CHARCOAL;XIRECS;10186.0;3
158600;;;TRANSLATOR_GRAPHITE_MIST;XIRECS;9676.0;3
158600;;;TRANSLATOR_SPACE_GRAY;XIRECS;9011.0;3
158600;;;TRANSLATOR_VOID_BLUE;XIRECS;11561.0;3
158600;;;UV_VISOR_AMBER;XIRECS;7841.0;3
158600;;;UV_VISOR_MAGENTA;XIRECS;11087.0;3
158600;;;UV_VISOR_ORANGE;XIRECS;10721.0;3
158600;;;UV_VISOR_RED;XIRECS;10403.0;3
158600;;;UV_VISOR_YELLOW;XIRECS;11552.0;3
159300;;;GALAXY_SOUNDS_BLACK_HOLES;XIRECS;11366.0;4
159300;;;GALAXY_SOUNDS_DARK_MATTER;XIRECS;10159.0;4
159300;;;GALAXY_SOUNDS_PLANETARY_RINGS;XIRECS;11355.0;4
159300;;;GALAXY_SOUNDS_SOLAR_FLAMES;XIRECS;11692.0;4
159300;;;GALAXY_SOUNDS_SOLAR_WINDS;XIRECS;9792.0;4
159300;;;OXYGEN_SHAKE_CHOCOLATE;XIRECS;9404.0;4
159300;;;OXYGEN_SHAKE_EVENING_BREATH;XIRECS;9106.0;4
159300;;;OXYGEN_SHAKE_GARLIC;XIRECS;12033.0;4
159300;;;OXYGEN_SHAKE_MINT;XIRECS;9979.0;4
159300;;;OXYGEN_SHAKE_MORNING_BREATH;XIRECS;10928.0;4
159300;;;PANEL_1X2;XIRECS;7868.0;4
159300;;;PANEL_1X4;XIRECS;10469.0;4
159300;;;PANEL_2X2;XIRECS;9830.0;4
159300;;;PANEL_2X4;XIRECS;10880.0;4
159300;;;PANEL_4X4;XIRECS;9291.0;4
159300;;;ROBOT_DISHES;XIRECS;9953.0;4
159300;;;ROBOT_IRONING;XIRECS;9213.0;4
159300;;;ROBOT_LAUNDRY;XIRECS;10537.0;4
159300;;;ROBOT_MOPPING;XIRECS;9809.0;4
159300;;;ROBOT_VACUUMING;XIRECS;9782.0;4
159300;;;SLEEP_POD_COTTON;XIRECS;10924.0;4
159300;;;SLEEP_POD_LAMB_WOOL;XIRECS;9960.0;4
159300;;;SLEEP_POD_NYLON;XIRECS;8678.0;4
159300;;;SLEEP_POD_POLYESTER;XIRECS;11834.0;4
159300;;;SLEEP_POD_SUEDE;XIRECS;11238.0;4
159300;;;SNACKPACK_CHOCOLATE;XIRECS;9923.0;4
159300;;;SNACKPACK_PISTACHIO;XIRECS;9652.0;4
159300;;;SNACKPACK_RASPBERRY;XIRECS;10020.0;4
159300;;;SNACKPACK_STRAWBERRY;XIRECS;10888.0;4
159300;;;SNACKPACK_VANILLA;XIRECS;10035.0;4
159300;;;TRANSLATOR_ASTRO_BLACK;XIRECS;9447.0;4
159300;;;TRANSLATOR_ECLIPSE_CHARCOAL;XIRECS;10200.0;4
159300;;;TRANSLATOR_GRAPHITE_MIST;XIRECS;9678.0;4
159300;;;TRANSLATOR_SPACE_GRAY;XIRECS;8996.0;4
159300;;;TRANSLATOR_VOID_BLUE;XIRECS;11589.0;4
159300;;;UV_VISOR_AMBER;XIRECS;7840.0;4
159300;;;UV_VISOR_MAGENTA;XIRECS;11080.0;4
159300;;;UV_VISOR_ORANGE;XIRECS;10798.0;4
159300;;;UV_VISOR_RED;XIRECS;10432.0;4
159300;;;UV_VISOR_YELLOW;XIRECS;11603.0;4
161400;;;GALAXY_SOUNDS_BLACK_HOLES;XIRECS;11415.0;2
161400;;;GALAXY_SOUNDS_DARK_MATTER;XIRECS;10129.0;2
161400;;;GALAXY_SOUNDS_PLANETARY_RINGS;XIRECS;11343.0;2
161400;;;GALAXY_SOUNDS_SOLAR_FLAMES;XIRECS;11642.0;2
161400;;;GALAXY_SOUNDS_SOLAR_WINDS;XIRECS;9761.0;2
161400;;;OXYGEN_SHAKE_CHOCOLATE;XIRECS;9342.0;2
161400;;;OXYGEN_SHAKE_EVENING_BREATH;XIRECS;9064.0;2
161400;;;OXYGEN_SHAKE_GARLIC;XIRECS;11969.0;2
161400;;;OXYGEN_SHAKE_MINT;XIRECS;9949.0;2
161400;;;OXYGEN_SHAKE_MORNING_BREATH;XIRECS;10888.0;2
161400;;;PANEL_1X2;XIRECS;7879.0;2
161400;;;PANEL_1X4;XIRECS;10402.0;2
161400;;;PANEL_2X2;XIRECS;9829.0;2
161400;;;PANEL_2X4;XIRECS;10983.0;2
161400;;;PANEL_4X4;XIRECS;9261.0;2
161400;;;ROBOT_DISHES;XIRECS;9900.0;2
161400;;;ROBOT_IRONING;XIRECS;9217.0;2
161400;;;ROBOT_LAUNDRY;XIRECS;10561.0;2
161400;;;ROBOT_MOPPING;XIRECS;9810.0;2
161400;;;ROBOT_VACUUMING;XIRECS;9767.0;2
161400;;;SLEEP_POD_COTTON;XIRECS;10864.0;2
161400;;;SLEEP_POD_LAMB_WOOL;XIRECS;10000.0;2
161400;;;SLEEP_POD_NYLON;XIRECS;8673.0;2
161400;;;SLEEP_POD_POLYESTER;XIRECS;11814.0;2
161400;;;SLEEP_POD_SUEDE;XIRECS;11184.0;2
161400;;;SNACKPACK_CHOCOLATE;XIRECS;9908.0;2
161400;;;SNACKPACK_PISTACHIO;XIRECS;9667.0;2
161400;;;SNACKPACK_RASPBERRY;XIRECS;9956.0;2
161400;;;SNACKPACK_STRAWBERRY;XIRECS;10918.0;2
161400;;;SNACKPACK_VANILLA;XIRECS;10016.0;2
161400;;;TRANSLATOR_ASTRO_BLACK;XIRECS;9371.0;2
161400;;;TRANSLATOR_ECLIPSE_CHARCOAL;XIRECS;10213.0;2
161400;;;TRANSLATOR_GRAPHITE_MIST;XIRECS;9627.0;2
161400;;;TRANSLATOR_SPACE_GRAY;XIRECS;8982.0;2
161400;;;TRANSLATOR_VOID_BLUE;XIRECS;11584.0;2
161400;;;UV_VISOR_AMBER;XIRECS;7776.0;2
161400;;;UV_VISOR_MAGENTA;XIRECS;11115.0;2
161400;;;UV_VISOR_ORANGE;XIRECS;10773.0;2
161400;;;UV_VISOR_RED;XIRECS;10388.0;2
161400;;;UV_VISOR_YELLOW;XIRECS;11654.0;2
162800;;;MICROCHIP_CIRCLE;XIRECS;9365.0;1
162800;;;MICROCHIP_OVAL;XIRECS;9442.0;1
162800;;;MICROCHIP_RECTANGLE;XIRECS;9131.0;1
162800;;;MICROCHIP_SQUARE;XIRECS;13240.0;1
162800;;;MICROCHIP_TRIANGLE;XIRECS;10468.0;1
163500;;;PEBBLES_L;XIRECS;10272.0;4
163500;;;PEBBLES_M;XIRECS;8943.0;4
163500;;;PEBBLES_S;XIRECS;9273.0;4
163500;;;PEBBLES_XL;XIRECS;13732.0;4
163500;;;PEBBLES_XS;XIRECS;7813.0;4
163900;;;MICROCHIP_CIRCLE;XIRECS;9381.0;3
163900;;;MICROCHIP_OVAL;XIRECS;9501.0;3
163900;;;MICROCHIP_RECTANGLE;XIRECS;9092.0;3
163900;;;MICROCHIP_SQUARE;XIRECS;13230.0;3
163900;;;MICROCHIP_TRIANGLE;XIRECS;10490.0;3
164500;;;MICROCHIP_CIRCLE;XIRECS;9350.0;1
164500;;;MICROCHIP_OVAL;XIRECS;9508.0;1
164500;;;MICROCHIP_RECTANGLE;XIRECS;9083.0;1
164500;;;MICROCHIP_SQUARE;XIRECS;13205.0;1
164500;;;MICROCHIP_TRIANGLE;XIRECS;10502.0;1
165600;;;MICROCHIP_CIRCLE;XIRECS;9354.0;2
165600;;;MICROCHIP_OVAL;XIRECS;9562.0;2
165600;;;MICROCHIP_RECTANGLE;XIRECS;9080.0;2
165600;;;MICROCHIP_SQUARE;XIRECS;13135.0;2
165600;;;MICROCHIP_TRIANGLE;XIRECS;10590.0;2
165900;;;GALAXY_SOUNDS_BLACK_HOLES;XIRECS;11547.0;1
165900;;;GALAXY_SOUNDS_DARK_MATTER;XIRECS;10205.0;1
165900;;;GALAXY_SOUNDS_PLANETARY_RINGS;XIRECS;11353.0;1
165900;;;GALAXY_SOUNDS_SOLAR_FLAMES;XIRECS;11722.0;1
165900;;;GALAXY_SOUNDS_SOLAR_WINDS;XIRECS;9701.0;1
165900;;;OXYGEN_SHAKE_CHOCOLATE;XIRECS;9313.0;1
165900;;;OXYGEN_SHAKE_EVENING_BREATH;XIRECS;9116.0;1
165900;;;OXYGEN_SHAKE_GARLIC;XIRECS;11983.0;1
165900;;;OXYGEN_SHAKE_MINT;XIRECS;9953.0;1
165900;;;OXYGEN_SHAKE_MORNING_BREATH;XIRECS;10837.0;1
165900;;;PANEL_1X2;XIRECS;7867.0;1
165900;;;PANEL_1X4;XIRECS;10348.0;1
165900;;;PANEL_2X2;XIRECS;9898.0;1
165900;;;PANEL_2X4;XIRECS;10943.0;1
165900;;;PANEL_4X4;XIRECS;9256.0;1
165900;;;ROBOT_DISHES;XIRECS;9776.0;1
165900;;;ROBOT_IRONING;XIRECS;9313.0;1
165900;;;ROBOT_LAUNDRY;XIRECS;10370.0;1
165900;;;ROBOT_MOPPING;XIRECS;9776.0;1
165900;;;ROBOT_VACUUMING;XIRECS;9740.0;1
165900;;;SLEEP_POD_COTTON;XIRECS;10922.0;1
165900;;;SLEEP_POD_LAMB_WOOL;XIRECS;9991.0;1
165900;;;SLEEP_POD_NYLON;XIRECS;8742.0;1
165900;;;SLEEP_POD_POLYESTER;XIRECS;11898.0;1
165900;;;SLEEP_POD_SUEDE;XIRECS;11174.0;1
165900;;;SNACKPACK_CHOCOLATE;XIRECS;9994.0;1
165900;;;SNACKPACK_PISTACHIO;XIRECS;9691.0;1
165900;;;SNACKPACK_RASPBERRY;XIRECS;9945.0;1
165900;;;SNACKPACK_STRAWBERRY;XIRECS;10958.0;1
165900;;;SNACKPACK_VANILLA;XIRECS;9977.0;1
165900;;;TRANSLATOR_ASTRO_BLACK;XIRECS;9445.0;1
165900;;;TRANSLATOR_ECLIPSE_CHARCOAL;XIRECS;10296.0;1
165900;;;TRANSLATOR_GRAPHITE_MIST;XIRECS;9479.0;1
165900;;;TRANSLATOR_SPACE_GRAY;XIRECS;8959.0;1
165900;;;TRANSLATOR_VOID_BLUE;XIRECS;11487.0;1
165900;;;UV_VISOR_AMBER;XIRECS;7744.0;1
165900;;;UV_VISOR_MAGENTA;XIRECS;11013.0;1
165900;;;UV_VISOR_ORANGE;XIRECS;10776.0;1
165900;;;UV_VISOR_RED;XIRECS;10514.0;1
165900;;;UV_VISOR_YELLOW;XIRECS;11716.0;1
166100;;;GALAXY_SOUNDS_BLACK_HOLES;XIRECS;11573.0;2
166100;;;GALAXY_SOUNDS_DARK_MATTER;XIRECS;10210.0;2
166100;;;GALAXY_SOUNDS_PLANETARY_RINGS;XIRECS;11351.0;2
166100;;;GALAXY_SOUNDS_SOLAR_FLAMES;XIRECS;11722.0;2
166100;;;GALAXY_SOUNDS_SOLAR_WINDS;XIRECS;9691.0;2
166100;;;OXYGEN_SHAKE_CHOCOLATE;XIRECS;9308.0;2
166100;;;OXYGEN_SHAKE_EVENING_BREATH;XIRECS;9126.0;2
166100;;;OXYGEN_SHAKE_GARLIC;XIRECS;11965.0;2
166100;;;OXYGEN_SHAKE_MINT;XIRECS;9958.0;2
166100;;;OXYGEN_SHAKE_MORNING_BREATH;XIRECS;10831.0;2
166100;;;PANEL_1X2;XIRECS;7871.0;2
166100;;;PANEL_1X4;XIRECS;10338.0;2
166100;;;PANEL_2X2;XIRECS;9878.0;2
166100;;;PANEL_2X4;XIRECS;10919.0;2
166100;;;PANEL_4X4;XIRECS;9261.0;2
166100;;;ROBOT_DISHES;XIRECS;9791.0;2
166100;;;ROBOT_IRONING;XIRECS;9323.0;2
166100;;;ROBOT_LAUNDRY;XIRECS;10392.0;2
166100;;;ROBOT_MOPPING;XIRECS;9788.0;2
166100;;;ROBOT_VACUUMING;XIRECS;9731.0;2
166100;;;SLEEP_POD_COTTON;XIRECS;10938.0;2
166100;;;SLEEP_POD_LAMB_WOOL;XIRECS;9972.0;2
166100;;;SLEEP_POD_NYLON;XIRECS;8749.0;2
166100;;;SLEEP_POD_POLYESTER;XIRECS;11907.0;2
166100;;;SLEEP_POD_SUEDE;XIRECS;11184.0;2
166100;;;SNACKPACK_CHOCOLATE;XIRECS;10006.0;2
166100;;;SNACKPACK_PISTACHIO;XIRECS;9680.0;2
166100;;;SNACKPACK_RASPBERRY;XIRECS;9955.0;2
166100;;;SNACKPACK_STRAWBERRY;XIRECS;10945.0;2
166100;;;SNACKPACK_VANILLA;XIRECS;9970.0;2
166100;;;TRANSLATOR_ASTRO_BLACK;XIRECS;9438.0;2
166100;;;TRANSLATOR_ECLIPSE_CHARCOAL;XIRECS;10313.0;2
166100;;;TRANSLATOR_GRAPHITE_MIST;XIRECS;9479.0;2
166100;;;TRANSLATOR_SPACE_GRAY;XIRECS;8951.0;2
166100;;;TRANSLATOR_VOID_BLUE;XIRECS;11499.0;2
166100;;;UV_VISOR_AMBER;XIRECS;7754.0;2
166100;;;UV_VISOR_MAGENTA;XIRECS;11025.0;2
166100;;;UV_VISOR_ORANGE;XIRECS;10773.0;2
166100;;;UV_VISOR_RED;XIRECS;10510.0;2
166100;;;UV_VISOR_YELLOW;XIRECS;11669.0;2
166600;;;PEBBLES_L;XIRECS;10269.0;5
166600;;;PEBBLES_M;XIRECS;9058.0;5
166600;;;PEBBLES_S;XIRECS;9299.0;5
166600;;;PEBBLES_XL;XIRECS;13341.0;5
166600;;;PEBBLES_XS;XIRECS;8000.0;5
167100;;;GALAXY_SOUNDS_BLACK_HOLES;XIRECS;11593.0;4
167100;;;GALAXY_SOUNDS_DARK_MATTER;XIRECS;10192.0;4
167100;;;GALAXY_SOUNDS_PLANETARY_RINGS;XIRECS;11391.0;4
167100;;;GALAXY_SOUNDS_SOLAR_FLAMES;XIRECS;11779.0;4
167100;;;GALAXY_SOUNDS_SOLAR_WINDS;XIRECS;9684.0;4
167100;;;OXYGEN_SHAKE_CHOCOLATE;XIRECS;9315.0;4
167100;;;OXYGEN_SHAKE_EVENING_BREATH;XIRECS;9126.0;4
167100;;;OXYGEN_SHAKE_GARLIC;XIRECS;11951.0;4
167100;;;OXYGEN_SHAKE_MINT;XIRECS;9950.0;4
167100;;;OXYGEN_SHAKE_MORNING_BREATH;XIRECS;10865.0;4
167100;;;PANEL_1X2;XIRECS;7851.0;4
167100;;;PANEL_1X4;XIRECS;10310.0;4
167100;;;PANEL_2X2;XIRECS;9913.0;4
167100;;;PANEL_2X4;XIRECS;10948.0;4
167100;;;PANEL_4X4;XIRECS;9250.0;4
167100;;;ROBOT_DISHES;XIRECS;9779.0;4
167100;;;ROBOT_IRONING;XIRECS;9263.0;4
167100;;;ROBOT_LAUNDRY;XIRECS;10381.0;4
167100;;;ROBOT_MOPPING;XIRECS;9778.0;4
167100;;;ROBOT_VACUUMING;XIRECS;9777.0;4
167100;;;SLEEP_POD_COTTON;XIRECS;10930.0;4
167100;;;SLEEP_POD_LAMB_WOOL;XIRECS;9954.0;4
167100;;;SLEEP_POD_NYLON;XIRECS;8785.0;4
167100;;;SLEEP_POD_POLYESTER;XIRECS;11886.0;4
167100;;;SLEEP_POD_SUEDE;XIRECS;11182.0;4
167100;;;SNACKPACK_CHOCOLATE;XIRECS;9993.0;4
167100;;;SNACKPACK_PISTACHIO;XIRECS;9673.0;4
167100;;;SNACKPACK_RASPBERRY;XIRECS;9949.0;4
167100;;;SNACKPACK_STRAWBERRY;XIRECS;10941.0;4
167100;;;SNACKPACK_VANILLA;XIRECS;9983.0;4
167100;;;TRANSLATOR_ASTRO_BLACK;XIRECS;9380.0;4
167100;;;TRANSLATOR_ECLIPSE_CHARCOAL;XIRECS;10316.0;4
167100;;;TRANSLATOR_GRAPHITE_MIST;XIRECS;9502.0;4
167100;;;TRANSLATOR_SPACE_GRAY;XIRECS;8940.0;4
167100;;;TRANSLATOR_VOID_BLUE;XIRECS;11472.0;4
167100;;;UV_VISOR_AMBER;XIRECS;7725.0;4
167100;;;UV_VISOR_MAGENTA;XIRECS;10992.0;4
167100;;;UV_VISOR_ORANGE;XIRECS;10793.0;4
167100;;;UV_VISOR_RED;XIRECS;10470.0;4
167100;;;UV_VISOR_YELLOW;XIRECS;11765.0;4
168800;;;GALAXY_SOUNDS_BLACK_HOLES;XIRECS;11557.0;3
168800;;;GALAXY_SOUNDS_DARK_MATTER;XIRECS;10215.0;3
168800;;;GALAXY_SOUNDS_PLANETARY_RINGS;XIRECS;11253.0;3
168800;;;GALAXY_SOUNDS_SOLAR_FLAMES;XIRECS;11758.0;3
168800;;;GALAXY_SOUNDS_SOLAR_WINDS;XIRECS;9697.0;3
168800;;;OXYGEN_SHAKE_CHOCOLATE;XIRECS;9347.0;3
168800;;;OXYGEN_SHAKE_EVENING_BREATH;XIRECS;9134.0;3
168800;;;OXYGEN_SHAKE_GARLIC;XIRECS;11946.0;3
168800;;;OXYGEN_SHAKE_MINT;XIRECS;10003.0;3
168800;;;OXYGEN_SHAKE_MORNING_BREATH;XIRECS;10828.0;3
168800;;;PANEL_1X2;XIRECS;7890.0;3
168800;;;PANEL_1X4;XIRECS;10345.0;3
168800;;;PANEL_2X2;XIRECS;9923.0;3
168800;;;PANEL_2X4;XIRECS;10958.0;3
168800;;;PANEL_4X4;XIRECS;9249.0;3
168800;;;ROBOT_DISHES;XIRECS;9711.0;3
168800;;;ROBOT_IRONING;XIRECS;9337.0;3
168800;;;ROBOT_LAUNDRY;XIRECS;10364.0;3
168800;;;ROBOT_MOPPING;XIRECS;9778.0;3
168800;;;ROBOT_VACUUMING;XIRECS;9737.0;3
168800;;;SLEEP_POD_COTTON;XIRECS;10904.0;3
168800;;;SLEEP_POD_LAMB_WOOL;XIRECS;9969.0;3
168800;;;SLEEP_POD_NYLON;XIRECS;8768.0;3
168800;;;SLEEP_POD_POLYESTER;XIRECS;11965.0;3
168800;;;SLEEP_POD_SUEDE;XIRECS;11203.0;3
168800;;;SNACKPACK_CHOCOLATE;XIRECS;10002.0;3
168800;;;SNACKPACK_PISTACHIO;XIRECS;9666.0;3
168800;;;SNACKPACK_RASPBERRY;XIRECS;9918.0;3
168800;;;SNACKPACK_STRAWBERRY;XIRECS;10937.0;3
168800;;;SNACKPACK_VANILLA;XIRECS;9938.0;3
168800;;;TRANSLATOR_ASTRO_BLACK;XIRECS;9349.0;3
168800;;;TRANSLATOR_ECLIPSE_CHARCOAL;XIRECS;10400.0;3
168800;;;TRANSLATOR_GRAPHITE_MIST;XIRECS;9504.0;3
168800;;;TRANSLATOR_SPACE_GRAY;XIRECS;8955.0;3
168800;;;TRANSLATOR_VOID_BLUE;XIRECS;11433.0;3
168800;;;UV_VISOR_AMBER;XIRECS;7716.0;3
168800;;;UV_VISOR_MAGENTA;XIRECS;10995.0;3
168800;;;UV_VISOR_ORANGE;XIRECS;10673.0;3
168800;;;UV_VISOR_RED;XIRECS;10475.0;3
168800;;;UV_VISOR_YELLOW;XIRECS;11730.0;3
170700;;;GALAXY_SOUNDS_BLACK_HOLES;XIRECS;11595.0;4
170700;;;GALAXY_SOUNDS_DARK_MATTER;XIRECS;10375.0;4
170700;;;GALAXY_SOUNDS_PLANETARY_RINGS;XIRECS;11256.0;4
170700;;;GALAXY_SOUNDS_SOLAR_FLAMES;XIRECS;11702.0;4
170700;;;GALAXY_SOUNDS_SOLAR_WINDS;XIRECS;9708.0;4
170700;;;OXYGEN_SHAKE_CHOCOLATE;XIRECS;9371.0;4
170700;;;OXYGEN_SHAKE_EVENING_BREATH;XIRECS;9124.0;4
170700;;;OXYGEN_SHAKE_GARLIC;XIRECS;11949.0;4
170700;;;OXYGEN_SHAKE_MINT;XIRECS;10042.0;4
170700;;;OXYGEN_SHAKE_MORNING_BREATH;XIRECS;10855.0;4
170700;;;PANEL_1X2;XIRECS;7875.0;4
170700;;;PANEL_1X4;XIRECS;10282.0;4
170700;;;PANEL_2X2;XIRECS;9973.0;4
170700;;;PANEL_2X4;XIRECS;11004.0;4
170700;;;PANEL_4X4;XIRECS;9217.0;4
170700;;;ROBOT_DISHES;XIRECS;9789.0;4
170700;;;ROBOT_IRONING;XIRECS;9287.0;4
170700;;;ROBOT_LAUNDRY;XIRECS;10438.0;4
170700;;;ROBOT_MOPPING;XIRECS;9737.0;4
170700;;;ROBOT_VACUUMING;XIRECS;9758.0;4
170700;;;SLEEP_POD_COTTON;XIRECS;10911.0;4
170700;;;SLEEP_POD_LAMB_WOOL;XIRECS;9956.0;4
170700;;;SLEEP_POD_NYLON;XIRECS;8776.0;4
170700;;;SLEEP_POD_POLYESTER;XIRECS;11946.0;4
170700;;;SLEEP_POD_SUEDE;XIRECS;11120.0;4
170700;;;SNACKPACK_CHOCOLATE;XIRECS;10033.0;4
170700;;;SNACKPACK_PISTACHIO;XIRECS;9696.0;4
170700;;;SNACKPACK_RASPBERRY;XIRECS;9890.0;4
170700;;;SNACKPACK_STRAWBERRY;XIRECS;10970.0;4
170700;;;SNACKPACK_VANILLA;XIRECS;9905.0;4
170700;;;TRANSLATOR_ASTRO_BLACK;XIRECS;9316.0;4
170700;;;TRANSLATOR_ECLIPSE_CHARCOAL;XIRECS;10392.0;4
170700;;;TRANSLATOR_GRAPHITE_MIST;XIRECS;9510.0;4
170700;;;TRANSLATOR_SPACE_GRAY;XIRECS;8972.0;4
170700;;;TRANSLATOR_VOID_BLUE;XIRECS;11440.0;4
170700;;;UV_VISOR_AMBER;XIRECS;7745.0;4
170700;;;UV_VISOR_MAGENTA;XIRECS;10958.0;4
170700;;;UV_VISOR_ORANGE;XIRECS;10662.0;4
170700;;;UV_VISOR_RED;XIRECS;10524.0;4
170700;;;UV_VISOR_YELLOW;XIRECS;11713.0;4
171600;;;GALAXY_SOUNDS_BLACK_HOLES;XIRECS;11598.0;1
171600;;;GALAXY_SOUNDS_DARK_MATTER;XIRECS;10372.0;1
171600;;;GALAXY_SOUNDS_PLANETARY_RINGS;XIRECS;11259.0;1
171600;;;GALAXY_SOUNDS_SOLAR_FLAMES;XIRECS;11727.0;1
171600;;;GALAXY_SOUNDS_SOLAR_WINDS;XIRECS;9698.0;1
171600;;;OXYGEN_SHAKE_CHOCOLATE;XIRECS;9388.0;1
171600;;;OXYGEN_SHAKE_EVENING_BREATH;XIRECS;9126.0;1
171600;;;OXYGEN_SHAKE_GARLIC;XIRECS;11941.0;1
171600;;;OXYGEN_SHAKE_MINT;XIRECS;10071.0;1
171600;;;OXYGEN_SHAKE_MORNING_BREATH;XIRECS;10838.0;1
171600;;;PANEL_1X2;XIRECS;7856.0;1
171600;;;PANEL_1X4;XIRECS;10319.0;1
171600;;;PANEL_2X2;XIRECS;10023.0;1
171600;;;PANEL_2X4;XIRECS;11006.0;1
171600;;;PANEL_4X4;XIRECS;9224.0;1
171600;;;ROBOT_DISHES;XIRECS;9809.0;1
171600;;;ROBOT_IRONING;XIRECS;9323.0;1
171600;;;ROBOT_LAUNDRY;XIRECS;10470.0;1
171600;;;ROBOT_MOPPING;XIRECS;9742.0;1
171600;;;ROBOT_VACUUMING;XIRECS;9736.0;1
171600;;;SLEEP_POD_COTTON;XIRECS;10899.0;1
171600;;;SLEEP_POD_LAMB_WOOL;XIRECS;9946.0;1
171600;;;SLEEP_POD_NYLON;XIRECS;8806.0;1
171600;;;SLEEP_POD_POLYESTER;XIRECS;11974.0;1
171600;;;SLEEP_POD_SUEDE;XIRECS;11180.0;1
171600;;;SNACKPACK_CHOCOLATE;XIRECS;10030.0;1
171600;;;SNACKPACK_PISTACHIO;XIRECS;9719.0;1
171600;;;SNACKPACK_RASPBERRY;XIRECS;9889.0;1
171600;;;SNACKPACK_STRAWBERRY;XIRECS;11018.0;1
171600;;;SNACKPACK_VANILLA;XIRECS;9932.0;1
171600;;;TRANSLATOR_ASTRO_BLACK;XIRECS;9321.0;1
171600;;;TRANSLATOR_ECLIPSE_CHARCOAL;XIRECS;10412.0;1
171600;;;TRANSLATOR_GRAPHITE_MIST;XIRECS;9570.0;1
171600;;;TRANSLATOR_SPACE_GRAY;XIRECS;9006.0;1
171600;;;TRANSLATOR_VOID_BLUE;XIRECS;11508.0;1
171600;;;UV_VISOR_AMBER;XIRECS;7758.0;1
171600;;;UV_VISOR_MAGENTA;XIRECS;10939.0;1
171600;;;UV_VISOR_ORANGE;XIRECS;10658.0;1
171600;;;UV_VISOR_RED;XIRECS;10555.0;1
171600;;;UV_VISOR_YELLOW;XIRECS;11715.0;1
172300;;;MICROCHIP_CIRCLE;XIRECS;9301.0;2
172300;;;MICROCHIP_OVAL;XIRECS;9458.0;2
172300;;;MICROCHIP_RECTANGLE;XIRECS;9247.0;2
172300;;;MICROCHIP_SQUARE;XIRECS;13437.0;2
172300;;;MICROCHIP_TRIANGLE;XIRECS;10659.0;2
172900;;;PEBBLES_L;XIRECS;10185.0;2
172900;;;PEBBLES_M;XIRECS;9128.0;2
172900;;;PEBBLES_S;XIRECS;9297.0;2
172900;;;PEBBLES_XL;XIRECS;13393.0;2
172900;;;PEBBLES_XS;XIRECS;7965.0;2
174100;;;GALAXY_SOUNDS_BLACK_HOLES;XIRECS;11574.0;2
174100;;;GALAXY_SOUNDS_DARK_MATTER;XIRECS;10322.0;2
174100;;;GALAXY_SOUNDS_PLANETARY_RINGS;XIRECS;11219.0;2
174100;;;GALAXY_SOUNDS_SOLAR_FLAMES;XIRECS;11784.0;2
174100;;;GALAXY_SOUNDS_SOLAR_WINDS;XIRECS;9756.0;2
174100;;;OXYGEN_SHAKE_CHOCOLATE;XIRECS;9340.0;2
174100;;;OXYGEN_SHAKE_EVENING_BREATH;XIRECS;9190.0;2
174100;;;OXYGEN_SHAKE_GARLIC;XIRECS;11932.0;2
174100;;;OXYGEN_SHAKE_MINT;XIRECS;10086.0;2
174100;;;OXYGEN_SHAKE_MORNING_BREATH;XIRECS;10743.0;2
174100;;;PANEL_1X2;XIRECS;7854.0;2
174100;;;PANEL_1X4;XIRECS;10328.0;2
174100;;;PANEL_2X2;XIRECS;10026.0;2
174100;;;PANEL_2X4;XIRECS;10951.0;2
174100;;;PANEL_4X4;XIRECS;9142.0;2
174100;;;ROBOT_DISHES;XIRECS;9813.0;2
174100;;;ROBOT_IRONING;XIRECS;9340.0;2
174100;;;ROBOT_LAUNDRY;XIRECS;10551.0;2
174100;;;ROBOT_MOPPING;XIRECS;9707.0;2
174100;;;ROBOT_VACUUMING;XIRECS;9667.0;2
174100;;;SLEEP_POD_COTTON;XIRECS;10913.0;2
174100;;;SLEEP_POD_LAMB_WOOL;XIRECS;9913.0;2
174100;;;SLEEP_POD_NYLON;XIRECS;8848.0;2
174100;;;SLEEP_POD_POLYESTER;XIRECS;11926.0;2
174100;;;SLEEP_POD_SUEDE;XIRECS;11121.0;2
174100;;;SNACKPACK_CHOCOLATE;XIRECS;9961.0;2
174100;;;SNACKPACK_PISTACHIO;XIRECS;9708.0;2
174100;;;SNACKPACK_RASPBERRY;XIRECS;9898.0;2
174100;;;SNACKPACK_STRAWBERRY;XIRECS;10994.0;2
174100;;;SNACKPACK_VANILLA;XIRECS;9992.0;2
174100;;;TRANSLATOR_ASTRO_BLACK;XIRECS;9354.0;2
174100;;;TRANSLATOR_ECLIPSE_CHARCOAL;XIRECS;10438.0;2
174100;;;TRANSLATOR_GRAPHITE_MIST;XIRECS;9560.0;2
174100;;;TRANSLATOR_SPACE_GRAY;XIRECS;8976.0;2
174100;;;TRANSLATOR_VOID_BLUE;XIRECS;11482.0;2
174100;;;UV_VISOR_AMBER;XIRECS;7770.0;2
174100;;;UV_VISOR_MAGENTA;XIRECS;10923.0;2
174100;;;UV_VISOR_ORANGE;XIRECS;10584.0;2
174100;;;UV_VISOR_RED;XIRECS;10592.0;2
174100;;;UV_VISOR_YELLOW;XIRECS;11716.0;2
179300;;;MICROCHIP_CIRCLE;XIRECS;9258.0;1
179300;;;MICROCHIP_OVAL;XIRECS;9440.0;1
179300;;;MICROCHIP_RECTANGLE;XIRECS;9110.0;1
179300;;;MICROCHIP_SQUARE;XIRECS;13595.0;1
179300;;;MICROCHIP_TRIANGLE;XIRECS;10562.0;1
179400;;;MICROCHIP_CIRCLE;XIRECS;9247.0;1
179400;;;MICROCHIP_OVAL;XIRECS;9469.0;1
179400;;;MICROCHIP_RECTANGLE;XIRECS;9118.0;1
179400;;;MICROCHIP_SQUARE;XIRECS;13581.0;1
179400;;;MICROCHIP_TRIANGLE;XIRECS;10565.0;1
180700;;;MICROCHIP_CIRCLE;XIRECS;9242.0;3
180700;;;MICROCHIP_OVAL;XIRECS;9460.0;3
180700;;;MICROCHIP_RECTANGLE;XIRECS;9060.0;3
180700;;;MICROCHIP_SQUARE;XIRECS;13630.0;3
180700;;;MICROCHIP_TRIANGLE;XIRECS;10622.0;3
181100;;;GALAXY_SOUNDS_BLACK_HOLES;XIRECS;11720.0;3
181100;;;GALAXY_SOUNDS_DARK_MATTER;XIRECS;10170.0;3
181100;;;GALAXY_SOUNDS_PLANETARY_RINGS;XIRECS;11232.0;3
181100;;;GALAXY_SOUNDS_SOLAR_FLAMES;XIRECS;11943.0;3
181100;;;GALAXY_SOUNDS_SOLAR_WINDS;XIRECS;9836.0;3
181100;;;OXYGEN_SHAKE_CHOCOLATE;XIRECS;9372.0;3
181100;;;OXYGEN_SHAKE_EVENING_BREATH;XIRECS;9296.0;3
181100;;;OXYGEN_SHAKE_GARLIC;XIRECS;11977.0;3
181100;;;OXYGEN_SHAKE_MINT;XIRECS;10203.0;3
181100;;;OXYGEN_SHAKE_MORNING_BREATH;XIRECS;10711.0;3
181100;;;PANEL_1X2;XIRECS;7801.0;3
181100;;;PANEL_1X4;XIRECS;10338.0;3
181100;;;PANEL_2X2;XIRECS;9960.0;3
181100;;;PANEL_2X4;XIRECS;10720.0;3
181100;;;PANEL_4X4;XIRECS;9164.0;3
181100;;;ROBOT_DISHES;XIRECS;9760.0;3
181100;;;ROBOT_IRONING;XIRECS;9414.0;3
181100;;;ROBOT_LAUNDRY;XIRECS;10522.0;3
181100;;;ROBOT_MOPPING;XIRECS;9636.0;3
181100;;;ROBOT_VACUUMING;XIRECS;9594.0;3
181100;;;SLEEP_POD_COTTON;XIRECS;10770.0;3
181100;;;SLEEP_POD_LAMB_WOOL;XIRECS;10024.0;3
181100;;;SLEEP_POD_NYLON;XIRECS;8970.0;3
181100;;;SLEEP_POD_POLYESTER;XIRECS;12026.0;3
181100;;;SLEEP_POD_SUEDE;XIRECS;11202.0;3
181100;;;SNACKPACK_CHOCOLATE;XIRECS;9961.0;3
181100;;;SNACKPACK_PISTACHIO;XIRECS;9704.0;3
181100;;;SNACKPACK_RASPBERRY;XIRECS;9931.0;3
181100;;;SNACKPACK_STRAWBERRY;XIRECS;10994.0;3
181100;;;SNACKPACK_VANILLA;XIRECS;9988.0;3
181100;;;TRANSLATOR_ASTRO_BLACK;XIRECS;9355.0;3
181100;;;TRANSLATOR_ECLIPSE_CHARCOAL;XIRECS;10409.0;3
181100;;;TRANSLATOR_GRAPHITE_MIST;XIRECS;9532.0;3
181100;;;TRANSLATOR_SPACE_GRAY;XIRECS;9017.0;3
181100;;;TRANSLATOR_VOID_BLUE;XIRECS;11317.0;3
181100;;;UV_VISOR_AMBER;XIRECS;7797.0;3
181100;;;UV_VISOR_MAGENTA;XIRECS;10714.0;3
181100;;;UV_VISOR_ORANGE;XIRECS;10509.0;3
181100;;;UV_VISOR_RED;XIRECS;10653.0;3
181100;;;UV_VISOR_YELLOW;XIRECS;11883.0;3
182000;;;GALAXY_SOUNDS_BLACK_HOLES;XIRECS;11677.0;1
182000;;;GALAXY_SOUNDS_DARK_MATTER;XIRECS;10184.0;1
182000;;;GALAXY_SOUNDS_PLANETARY_RINGS;XIRECS;11186.0;1
182000;;;GALAXY_SOUNDS_SOLAR_FLAMES;XIRECS;11937.0;1
182000;;;GALAXY_SOUNDS_SOLAR_WINDS;XIRECS;9815.0;1
182000;;;OXYGEN_SHAKE_CHOCOLATE;XIRECS;9379.0;1
182000;;;OXYGEN_SHAKE_EVENING_BREATH;XIRECS;9306.0;1
182000;;;OXYGEN_SHAKE_GARLIC;XIRECS;11971.0;1
182000;;;OXYGEN_SHAKE_MINT;XIRECS;10214.0;1
182000;;;OXYGEN_SHAKE_MORNING_BREATH;XIRECS;10636.0;1
182000;;;PANEL_1X2;XIRECS;7806.0;1
182000;;;PANEL_1X4;XIRECS;10371.0;1
182000;;;PANEL_2X2;XIRECS;9952.0;1
182000;;;PANEL_2X4;XIRECS;10728.0;1
182000;;;PANEL_4X4;XIRECS;9150.0;1
182000;;;ROBOT_DISHES;XIRECS;9766.0;1
182000;;;ROBOT_IRONING;XIRECS;9394.0;1
182000;;;ROBOT_LAUNDRY;XIRECS;10560.0;1
182000;;;ROBOT_MOPPING;XIRECS;9612.0;1
182000;;;ROBOT_VACUUMING;XIRECS;9593.0;1
182000;;;SLEEP_POD_COTTON;XIRECS;10722.0;1
182000;;;SLEEP_POD_LAMB_WOOL;XIRECS;10052.0;1
182000;;;SLEEP_POD_NYLON;XIRECS;8954.0;1
182000;;;SLEEP_POD_POLYESTER;XIRECS;12042.0;1
182000;;;SLEEP_POD_SUEDE;XIRECS;11226.0;1
182000;;;SNACKPACK_CHOCOLATE;XIRECS;9996.0;1
182000;;;SNACKPACK_PISTACHIO;XIRECS;9700.0;1
182000;;;SNACKPACK_RASPBERRY;XIRECS;9923.0;1
182000;;;SNACKPACK_STRAWBERRY;XIRECS;10998.0;1
182000;;;SNACKPACK_VANILLA;XIRECS;9947.0;1
182000;;;TRANSLATOR_ASTRO_BLACK;XIRECS;9350.0;1
182000;;;TRANSLATOR_ECLIPSE_CHARCOAL;XIRECS;10361.0;1
182000;;;TRANSLATOR_GRAPHITE_MIST;XIRECS;9603.0;1
182000;;;TRANSLATOR_SPACE_GRAY;XIRECS;8993.0;1
182000;;;TRANSLATOR_VOID_BLUE;XIRECS;11291.0;1
182000;;;UV_VISOR_AMBER;XIRECS;7799.0;1
182000;;;UV_VISOR_MAGENTA;XIRECS;10680.0;1
182000;;;UV_VISOR_ORANGE;XIRECS;10513.0;1
182000;;;UV_VISOR_RED;XIRECS;10667.0;1
182000;;;UV_VISOR_YELLOW;XIRECS;11822.0;1
183600;;;GALAXY_SOUNDS_BLACK_HOLES;XIRECS;11660.0;4
183600;;;GALAXY_SOUNDS_DARK_MATTER;XIRECS;10173.0;4
183600;;;GALAXY_SOUNDS_PLANETARY_RINGS;XIRECS;11185.0;4
183600;;;GALAXY_SOUNDS_SOLAR_FLAMES;XIRECS;11928.0;4
183600;;;GALAXY_SOUNDS_SOLAR_WINDS;XIRECS;9749.0;4
183600;;;OXYGEN_SHAKE_CHOCOLATE;XIRECS;9397.0;4
183600;;;OXYGEN_SHAKE_EVENING_BREATH;XIRECS;9296.0;4
183600;;;OXYGEN_SHAKE_GARLIC;XIRECS;11998.0;4
183600;;;OXYGEN_SHAKE_MINT;XIRECS;10187.0;4
183600;;;OXYGEN_SHAKE_MORNING_BREATH;XIRECS;10583.0;4
183600;;;PANEL_1X2;XIRECS;7798.0;4
183600;;;PANEL_1X4;XIRECS;10437.0;4
183600;;;PANEL_2X2;XIRECS;9966.0;4
183600;;;PANEL_2X4;XIRECS;10690.0;4
183600;;;PANEL_4X4;XIRECS;9156.0;4
183600;;;ROBOT_DISHES;XIRECS;9780.0;4
183600;;;ROBOT_IRONING;XIRECS;9394.0;4
183600;;;ROBOT_LAUNDRY;XIRECS;10517.0;4
183600;;;ROBOT_MOPPING;XIRECS;9662.0;4
183600;;;ROBOT_VACUUMING;XIRECS;9612.0;4
183600;;;SLEEP_POD_COTTON;XIRECS;10661.0;4
183600;;;SLEEP_POD_LAMB_WOOL;XIRECS;10000.0;4
183600;;;SLEEP_POD_NYLON;XIRECS;8945.0;4
183600;;;SLEEP_POD_POLYESTER;XIRECS;12203.0;4
183600;;;SLEEP_POD_SUEDE;XIRECS;11200.0;4
183600;;;SNACKPACK_CHOCOLATE;XIRECS;10023.0;4
183600;;;SNACKPACK_PISTACHIO;XIRECS;9737.0;4
183600;;;SNACKPACK_RASPBERRY;XIRECS;9882.0;4
183600;;;SNACKPACK_STRAWBERRY;XIRECS;11040.0;4
183600;;;SNACKPACK_VANILLA;XIRECS;9921.0;4
183600;;;TRANSLATOR_ASTRO_BLACK;XIRECS;9327.0;4
183600;;;TRANSLATOR_ECLIPSE_CHARCOAL;XIRECS;10328.0;4
183600;;;TRANSLATOR_GRAPHITE_MIST;XIRECS;9609.0;4
183600;;;TRANSLATOR_SPACE_GRAY;XIRECS;9044.0;4
183600;;;TRANSLATOR_VOID_BLUE;XIRECS;11365.0;4
183600;;;UV_VISOR_AMBER;XIRECS;7808.0;4
183600;;;UV_VISOR_MAGENTA;XIRECS;10735.0;4
183600;;;UV_VISOR_ORANGE;XIRECS;10531.0;4
183600;;;UV_VISOR_RED;XIRECS;10679.0;4
183600;;;UV_VISOR_YELLOW;XIRECS;11829.0;4
184100;;;PEBBLES_L;XIRECS;9912.0;3
184100;;;PEBBLES_M;XIRECS;9179.0;3
184100;;;PEBBLES_S;XIRECS;9279.0;3
184100;;;PEBBLES_XL;XIRECS;13912.0;3
184100;;;PEBBLES_XS;XIRECS;7751.0;3
186500;;;PEBBLES_L;XIRECS;9851.0;3
186500;;;PEBBLES_M;XIRECS;9231.0;3
186500;;;PEBBLES_S;XIRECS;9361.0;3
186500;;;PEBBLES_XL;XIRECS;13894.0;3
186500;;;PEBBLES_XS;XIRECS;7695.0;3
189000;;;PEBBLES_L;XIRECS;9984.0;5
189000;;;PEBBLES_M;XIRECS;9163.0;5
189000;;;PEBBLES_S;XIRECS;9359.0;5
189000;;;PEBBLES_XL;XIRECS;13636.0;5
189000;;;PEBBLES_XS;XIRECS;7825.0;5
190100;;;MICROCHIP_CIRCLE;XIRECS;9166.0;1
190100;;;MICROCHIP_OVAL;XIRECS;9161.0;1
190100;;;MICROCHIP_RECTANGLE;XIRECS;9186.0;1
190100;;;MICROCHIP_SQUARE;XIRECS;13790.0;1
190100;;;MICROCHIP_TRIANGLE;XIRECS;10526.0;1
191700;;;MICROCHIP_CIRCLE;XIRECS;9138.0;3
191700;;;MICROCHIP_OVAL;XIRECS;9281.0;3
191700;;;MICROCHIP_RECTANGLE;XIRECS;9125.0;3
