timestamp;buyer;seller;symbol;currency;price;quantity
800;;;MICROCHIP_CIRCLE;XIRECS;8552.0;1
800;;;MICROCHIP_OVAL;XIRECS;7470.0;1
800;;;MICROCHIP_RECTANGLE;XIRECS;7838.0;1
800;;;MICROCHIP_SQUARE;XIRECS;15913.0;1
800;;;MICROCHIP_TRIANGLE;XIRECS;9023.0;1
900;;;GALAXY_SOUNDS_BLACK_HOLES;XIRECS;12050.0;1
900;;;GALAXY_SOUNDS_DARK_MATTER;XIRECS;10820.0;1
900;;;GALAXY_SOUNDS_PLANETARY_RINGS;XIRECS;11425.0;1
900;;;GALAXY_SOUNDS_SOLAR_FLAMES;XIRECS;10626.0;1
900;;;GALAXY_SOUNDS_SOLAR_WINDS;XIRECS;10761.0;1
900;;;OXYGEN_SHAKE_CHOCOLATE;XIRECS;9328.0;1
900;;;OXYGEN_SHAKE_EVENING_BREATH;XIRECS;9456.0;1
900;;;OXYGEN_SHAKE_GARLIC;XIRECS;11950.0;1
900;;;OXYGEN_SHAKE_MINT;XIRECS;9704.0;1
900;;;OXYGEN_SHAKE_MORNING_BREATH;XIRECS;9519.0;1
900;;;PANEL_1X2;XIRECS;8865.0;1
900;;;PANEL_1X4;XIRECS;8734.0;1
900;;;PANEL_2X2;XIRECS;9168.0;1
900;;;PANEL_2X4;XIRECS;11420.0;1
900;;;PANEL_4X4;XIRECS;10280.0;1
900;;;ROBOT_DISHES;XIRECS;10130.0;1
900;;;ROBOT_IRONING;XIRECS;7533.0;1
900;;;ROBOT_LAUNDRY;XIRECS;9489.0;1
900;;;ROBOT_MOPPING;XIRECS;12140.0;1
900;;;ROBOT_VACUUMING;XIRECS;8594.0;1
900;;;SLEEP_POD_COTTON;XIRECS;12137.0;1
900;;;SLEEP_POD_LAMB_WOOL;XIRECS;10856.0;1
900;;;SLEEP_POD_NYLON;XIRECS;9712.0;1
900;;;SLEEP_POD_POLYESTER;XIRECS;12872.0;1
900;;;SLEEP_POD_SUEDE;XIRECS;12177.0;1
900;;;SNACKPACK_CHOCOLATE;XIRECS;9815.0;1
900;;;SNACKPACK_PISTACHIO;XIRECS;9389.0;1
900;;;SNACKPACK_RASPBERRY;XIRECS;10131.0;1
900;;;SNACKPACK_STRAWBERRY;XIRECS;10819.0;1
900;;;SNACKPACK_VANILLA;XIRECS;10063.0;1
900;;;TRANSLATOR_ASTRO_BLACK;XIRECS;9173.0;1
900;;;TRANSLATOR_ECLIPSE_CHARCOAL;XIRECS;9644.0;1
900;;;TRANSLATOR_GRAPHITE_MIST;XIRECS;11044.0;1
900;;;TRANSLATOR_SPACE_GRAY;XIRECS;10100.0;1
900;;;TRANSLATOR_VOID_BLUE;XIRECS;10773.0;1
900;;;UV_VISOR_AMBER;XIRECS;7355.0;1
900;;;UV_VISOR_MAGENTA;XIRECS;11547.0;1
900;;;UV_VISOR_ORANGE;XIRECS;10272.0;1
900;;;UV_VISOR_RED;XIRECS;11035.0;1
900;;;UV_VISOR_YELLOW;XIRECS;12038.0;1
2500;;;MICROCHIP_CIRCLE;XIRECS;8580.0;1
2500;;;MICROCHIP_OVAL;XIRECS;7453.0;1
2500;;;MICROCHIP_RECTANGLE;XIRECS;7841.0;1
2500;;;MICROCHIP_SQUARE;XIRECS;15994.0;1
2500;;;MICROCHIP_TRIANGLE;XIRECS;8991.0;1
7100;;;GALAXY_SOUNDS_BLACK_HOLES;XIRECS;11861.0;4
7100;;;GALAXY_SOUNDS_DARK_MATTER;XIRECS;10771.0;4
7100;;;GALAXY_SOUNDS_PLANETARY_RINGS;XIRECS;11372.0;4
7100;;;GALAXY_SOUNDS_SOLAR_FLAMES;XIRECS;10635.0;4
7100;;;GALAXY_SOUNDS_SOLAR_WINDS;XIRECS;10781.0;4
7100;;;OXYGEN_SHAKE_CHOCOLATE;XIRECS;9205.0;4
7100;;;OXYGEN_SHAKE_EVENING_BREATH;XIRECS;9384.0;4
7100;;;OXYGEN_SHAKE_GARLIC;XIRECS;11774.0;4
7100;;;OXYGEN_SHAKE_MINT;XIRECS;9706.0;4
7100;;;OXYGEN_SHAKE_MORNING_BREATH;XIRECS;9599.0;4
7100;;;PANEL_1X2;XIRECS;8894.0;4
7100;;;PANEL_1X4;XIRECS;8789.0;4
7100;;;PANEL_2X2;XIRECS;9204.0;4
7100;;;PANEL_2X4;XIRECS;11247.0;4
7100;;;PANEL_4X4;XIRECS;10364.0;4
7100;;;ROBOT_DISHES;XIRECS;10201.0;4
7100;;;ROBOT_IRONING;XIRECS;7567.0;4
7100;;;ROBOT_LAUNDRY;XIRECS;9461.0;4
7100;;;ROBOT_MOPPING;XIRECS;12021.0;4
7100;;;ROBOT_VACUUMING;XIRECS;8702.0;4
7100;;;SLEEP_POD_COTTON;XIRECS;12066.0;4
7100;;;SLEEP_POD_LAMB_WOOL;XIRECS;10905.0;4
7100;;;SLEEP_POD_NYLON;XIRECS;9743.0;4
7100;;;SLEEP_POD_POLYESTER;XIRECS;12866.0;4
7100;;;SLEEP_POD_SUEDE;XIRECS;12108.0;4
7100;;;SNACKPACK_CHOCOLATE;XIRECS;9796.0;4
7100;;;SNACKPACK_PISTACHIO;XIRECS;9404.0;4
7100;;;SNACKPACK_RASPBERRY;XIRECS;10081.0;4
7100;;;SNACKPACK_STRAWBERRY;XIRECS;10835.0;4
7100;;;SNACKPACK_VANILLA;XIRECS;10057.0;4
7100;;;TRANSLATOR_ASTRO_BLACK;XIRECS;9239.0;4
7100;;;TRANSLATOR_ECLIPSE_CHARCOAL;XIRECS;9678.0;4
7100;;;TRANSLATOR_GRAPHITE_MIST;XIRECS;11064.0;4
7100;;;TRANSLATOR_SPACE_GRAY;XIRECS;10153.0;4
7100;;;TRANSLATOR_VOID_BLUE;XIRECS;10703.0;4
7100;;;UV_VISOR_AMBER;XIRECS;7408.0;4
7100;;;UV_VISOR_MAGENTA;XIRECS;11377.0;4
7100;;;UV_VISOR_ORANGE;XIRECS;10228.0;4
7100;;;UV_VISOR_RED;XIRECS;11148.0;4
7100;;;UV_VISOR_YELLOW;XIRECS;12034.0;4
7300;;;GALAXY_SOUNDS_BLACK_HOLES;XIRECS;11872.0;3
7300;;;GALAXY_SOUNDS_DARK_MATTER;XIRECS;10776.0;3
7300;;;GALAXY_SOUNDS_PLANETARY_RINGS;XIRECS;11361.0;3
7300;;;GALAXY_SOUNDS_SOLAR_FLAMES;XIRECS;10625.0;3
7300;;;GALAXY_SOUNDS_SOLAR_WINDS;XIRECS;10763.0;3
7300;;;OXYGEN_SHAKE_CHOCOLATE;XIRECS;9191.0;3
7300;;;OXYGEN_SHAKE_EVENING_BREATH;XIRECS;9374.0;3
7300;;;OXYGEN_SHAKE_GARLIC;XIRECS;11803.0;3
7300;;;OXYGEN_SHAKE_MINT;XIRECS;9687.0;3
7300;;;OXYGEN_SHAKE_MORNING_BREATH;XIRECS;9598.0;3
7300;;;PANEL_1X2;XIRECS;8893.0;3
7300;;;PANEL_1X4;XIRECS;8799.0;3
7300;;;PANEL_2X2;XIRECS;9211.0;3
7300;;;PANEL_2X4;XIRECS;11242.0;3
7300;;;PANEL_4X4;XIRECS;10382.0;3
7300;;;ROBOT_DISHES;XIRECS;10194.0;3
7300;;;ROBOT_IRONING;XIRECS;7557.0;3
7300;;;ROBOT_LAUNDRY;XIRECS;9444.0;3
7300;;;ROBOT_MOPPING;XIRECS;12001.0;3
7300;;;ROBOT_VACUUMING;XIRECS;8702.0;3
7300;;;SLEEP_POD_COTTON;XIRECS;12061.0;3
7300;;;SLEEP_POD_LAMB_WOOL;XIRECS;10901.0;3
7300;;;SLEEP_POD_NYLON;XIRECS;9765.0;3
7300;;;SLEEP_POD_POLYESTER;XIRECS;12912.0;3
7300;;;SLEEP_POD_SUEDE;XIRECS;12081.0;3
7300;;;SNACKPACK_CHOCOLATE;XIRECS;9794.0;3
7300;;;SNACKPACK_PISTACHIO;XIRECS;9395.0;3
7300;;;SNACKPACK_RASPBERRY;XIRECS;10089.0;3
7300;;;SNACKPACK_STRAWBERRY;XIRECS;10823.0;3
7300;;;SNACKPACK_VANILLA;XIRECS;10060.0;3
7300;;;TRANSLATOR_ASTRO_BLACK;XIRECS;9266.0;3
7300;;;TRANSLATOR_ECLIPSE_CHARCOAL;XIRECS;9684.0;3
7300;;;TRANSLATOR_GRAPHITE_MIST;XIRECS;11080.0;3
7300;;;TRANSLATOR_SPACE_GRAY;XIRECS;10148.0;3
7300;;;TRANSLATOR_VOID_BLUE;XIRECS;10685.0;3
7300;;;UV_VISOR_AMBER;XIRECS;7411.0;3
7300;;;UV_VISOR_MAGENTA;XIRECS;11349.0;3
7300;;;UV_VISOR_ORANGE;XIRECS;10232.0;3
7300;;;UV_VISOR_RED;XIRECS;11158.0;3
7300;;;UV_VISOR_YELLOW;XIRECS;12048.0;3
8600;;;GALAXY_SOUNDS_BLACK_HOLES;XIRECS;11932.0;1
8600;;;GALAXY_SOUNDS_DARK_MATTER;XIRECS;10812.0;1
8600;;;GALAXY_SOUNDS_PLANETARY_RINGS;XIRECS;11399.0;1
8600;;;GALAXY_SOUNDS_SOLAR_FLAMES;XIRECS;10600.0;1
8600;;;GALAXY_SOUNDS_SOLAR_WINDS;XIRECS;10772.0;1
8600;;;OXYGEN_SHAKE_CHOCOLATE;XIRECS;9142.0;1
8600;;;OXYGEN_SHAKE_EVENING_BREATH;XIRECS;9376.0;1
8600;;;OXYGEN_SHAKE_GARLIC;XIRECS;11736.0;1
8600;;;OXYGEN_SHAKE_MINT;XIRECS;9762.0;1
8600;;;OXYGEN_SHAKE_MORNING_BREATH;XIRECS;9634.0;1
8600;;;PANEL_1X2;XIRECS;8903.0;1
8600;;;PANEL_1X4;XIRECS;8842.0;1
8600;;;PANEL_2X2;XIRECS;9178.0;1
8600;;;PANEL_2X4;XIRECS;11248.0;1
8600;;;PANEL_4X4;XIRECS;10405.0;1
8600;;;ROBOT_DISHES;XIRECS;10159.0;1
8600;;;ROBOT_IRONING;XIRECS;7553.0;1
8600;;;ROBOT_LAUNDRY;XIRECS;9539.0;1
8600;;;ROBOT_MOPPING;XIRECS;12010.0;1
8600;;;ROBOT_VACUUMING;XIRECS;8744.0;1
8600;;;SLEEP_POD_COTTON;XIRECS;12052.0;1
8600;;;SLEEP_POD_LAMB_WOOL;XIRECS;10901.0;1
8600;;;SLEEP_POD_NYLON;XIRECS;9737.0;1
8600;;;SLEEP_POD_POLYESTER;XIRECS;12979.0;1
8600;;;SLEEP_POD_SUEDE;XIRECS;12131.0;1
8600;;;SNACKPACK_CHOCOLATE;XIRECS;9830.0;1
8600;;;SNACKPACK_PISTACHIO;XIRECS;9399.0;1
8600;;;SNACKPACK_RASPBERRY;XIRECS;10128.0;1
8600;;;SNACKPACK_STRAWBERRY;XIRECS;10825.0;1
8600;;;SNACKPACK_VANILLA;XIRECS;10067.0;1
8600;;;TRANSLATOR_ASTRO_BLACK;XIRECS;9307.0;1
8600;;;TRANSLATOR_ECLIPSE_CHARCOAL;XIRECS;9713.0;1
8600;;;TRANSLATOR_GRAPHITE_MIST;XIRECS;11080.0;1
8600;;;TRANSLATOR_SPACE_GRAY;XIRECS;10217.0;1
8600;;;TRANSLATOR_VOID_BLUE;XIRECS;10745.0;1
8600;;;UV_VISOR_AMBER;XIRECS;7411.0;1
8600;;;UV_VISOR_MAGENTA;XIRECS;11351.0;1
8600;;;UV_VISOR_ORANGE;XIRECS;10215.0;1
8600;;;UV_VISOR_RED;XIRECS;11153.0;1
8600;;;UV_VISOR_YELLOW;XIRECS;12074.0;1
10900;;;PEBBLES_L;XIRECS;11046.0;5
10900;;;PEBBLES_M;XIRECS;11330.0;5
10900;;;PEBBLES_S;XIRECS;8817.0;5
10900;;;PEBBLES_XL;XIRECS;12195.0;5
10900;;;PEBBLES_XS;XIRECS;6644.0;5
13000;;;GALAXY_SOUNDS_BLACK_HOLES;XIRECS;11933.0;4
13000;;;GALAXY_SOUNDS_DARK_MATTER;XIRECS;10907.0;4
13000;;;GALAXY_SOUNDS_PLANETARY_RINGS;XIRECS;11426.0;4
13000;;;GALAXY_SOUNDS_SOLAR_FLAMES;XIRECS;10677.0;4
13000;;;GALAXY_SOUNDS_SOLAR_WINDS;XIRECS;10676.0;4
13000;;;OXYGEN_SHAKE_CHOCOLATE;XIRECS;9111.0;4
13000;;;OXYGEN_SHAKE_EVENING_BREATH;XIRECS;9386.0;4
13000;;;OXYGEN_SHAKE_GARLIC;XIRECS;11576.0;4
13000;;;OXYGEN_SHAKE_MINT;XIRECS;9744.0;4
13000;;;OXYGEN_SHAKE_MORNING_BREATH;XIRECS;9611.0;4
13000;;;PANEL_1X2;XIRECS;8875.0;4
13000;;;PANEL_1X4;XIRECS;8829.0;4
13000;;;PANEL_2X2;XIRECS;9103.0;4
13000;;;PANEL_2X4;XIRECS;11309.0;4
13000;;;PANEL_4X4;XIRECS;10445.0;4
13000;;;ROBOT_DISHES;XIRECS;10150.0;4
13000;;;ROBOT_IRONING;XIRECS;7563.0;4
13000;;;ROBOT_LAUNDRY;XIRECS;9533.0;4
13000;;;ROBOT_MOPPING;XIRECS;12015.0;4
13000;;;ROBOT_VACUUMING;XIRECS;8704.0;4
13000;;;SLEEP_POD_COTTON;XIRECS;12037.0;4
13000;;;SLEEP_POD_LAMB_WOOL;XIRECS;10847.0;4
13000;;;SLEEP_POD_NYLON;XIRECS;9827.0;4
13000;;;SLEEP_POD_POLYESTER;XIRECS;13018.0;4
13000;;;SLEEP_POD_SUEDE;XIRECS;12085.0;4
13000;;;SNACKPACK_CHOCOLATE;XIRECS;9886.0;4
13000;;;SNACKPACK_PISTACHIO;XIRECS;9414.0;4
13000;;;SNACKPACK_RASPBERRY;XIRECS;10084.0;4
13000;;;SNACKPACK_STRAWBERRY;XIRECS;10864.0;4
13000;;;SNACKPACK_VANILLA;XIRECS;10010.0;4
13000;;;TRANSLATOR_ASTRO_BLACK;XIRECS;9249.0;4
13000;;;TRANSLATOR_ECLIPSE_CHARCOAL;XIRECS;9644.0;4
13000;;;TRANSLATOR_GRAPHITE_MIST;XIRECS;11061.0;4
13000;;;TRANSLATOR_SPACE_GRAY;XIRECS;10196.0;4
13000;;;TRANSLATOR_VOID_BLUE;XIRECS;10800.0;4
13000;;;UV_VISOR_AMBER;XIRECS;7373.0;4
13000;;;UV_VISOR_MAGENTA;XIRECS;11343.0;4
13000;;;UV_VISOR_ORANGE;XIRECS;10286.0;4
13000;;;UV_VISOR_RED;XIRECS;11209.0;4
13000;;;UV_VISOR_YELLOW;XIRECS;12209.0;4
13900;;;GALAXY_SOUNDS_BLACK_HOLES;XIRECS;11914.0;1
13900;;;GALAXY_SOUNDS_DARK_MATTER;XIRECS;10957.0;1
13900;;;GALAXY_SOUNDS_PLANETARY_RINGS;XIRECS;11433.0;1
13900;;;GALAXY_SOUNDS_SOLAR_FLAMES;XIRECS;10726.0;1
13900;;;GALAXY_SOUNDS_SOLAR_WINDS;XIRECS;10678.0;1
13900;;;OXYGEN_SHAKE_CHOCOLATE;XIRECS;9062.0;1
13900;;;OXYGEN_SHAKE_EVENING_BREATH;XIRECS;9386.0;1
13900;;;OXYGEN_SHAKE_GARLIC;XIRECS;11562.0;1
13900;;;OXYGEN_SHAKE_MINT;XIRECS;9754.0;1
13900;;;OXYGEN_SHAKE_MORNING_BREATH;XIRECS;9620.0;1
13900;;;PANEL_1X2;XIRECS;8832.0;1
13900;;;PANEL_1X4;XIRECS;8847.0;1
13900;;;PANEL_2X2;XIRECS;9109.0;1
13900;;;PANEL_2X4;XIRECS;11329.0;1
13900;;;PANEL_4X4;XIRECS;10440.0;1
13900;;;ROBOT_DISHES;XIRECS;10194.0;1
13900;;;ROBOT_IRONING;XIRECS;7583.0;1
13900;;;ROBOT_LAUNDRY;XIRECS;9488.0;1
13900;;;ROBOT_MOPPING;XIRECS;11980.0;1
13900;;;ROBOT_VACUUMING;XIRECS;8732.0;1
13900;;;SLEEP_POD_COTTON;XIRECS;12066.0;1
13900;;;SLEEP_POD_LAMB_WOOL;XIRECS;10802.0;1
13900;;;SLEEP_POD_NYLON;XIRECS;9778.0;1
13900;;;SLEEP_POD_POLYESTER;XIRECS;13055.0;1
13900;;;SLEEP_POD_SUEDE;XIRECS;12066.0;1
13900;;;SNACKPACK_CHOCOLATE;XIRECS;9886.0;1
13900;;;SNACKPACK_PISTACHIO;XIRECS;9431.0;1
13900;;;SNACKPACK_RASPBERRY;XIRECS;10079.0;1
13900;;;SNACKPACK_STRAWBERRY;XIRECS;10881.0;1
13900;;;SNACKPACK_VANILLA;XIRECS;10007.0;1
13900;;;TRANSLATOR_ASTRO_BLACK;XIRECS;9229.0;1
13900;;;TRANSLATOR_ECLIPSE_CHARCOAL;XIRECS;9653.0;1
13900;;;TRANSLATOR_GRAPHITE_MIST;XIRECS;11117.0;1
13900;;;TRANSLATOR_SPACE_GRAY;XIRECS;10178.0;1
13900;;;TRANSLATOR_VOID_BLUE;XIRECS;10813.0;1
13900;;;UV_VISOR_AMBER;XIRECS;7422.0;1
13900;;;UV_VISOR_MAGENTA;XIRECS;11343.0;1
13900;;;UV_VISOR_ORANGE;XIRECS;10304.0;1
13900;;;UV_VISOR_RED;XIRECS;11211.0;1
13900;;;UV_VISOR_YELLOW;XIRECS;12174.0;1
16000;;;PEBBLES_L;XIRECS;11047.0;3
16000;;;PEBBLES_M;XIRECS;11130.0;3
16000;;;PEBBLES_S;XIRECS;8749.0;3
16000;;;PEBBLES_XL;XIRECS;12327.0;3
16000;;;PEBBLES_XS;XIRECS;6714.0;3
23400;;;GALAXY_SOUNDS_BLACK_HOLES;XIRECS;11964.0;1
23400;;;GALAXY_SOUNDS_DARK_MATTER;XIRECS;10948.0;1
23400;;;GALAXY_SOUNDS_PLANETARY_RINGS;XIRECS;11357.0;1
23400;;;GALAXY_SOUNDS_SOLAR_FLAMES;XIRECS;10671.0;1
23400;;;GALAXY_SOUNDS_SOLAR_WINDS;XIRECS;10698.0;1
23400;;;OXYGEN_SHAKE_CHOCOLATE;XIRECS;9079.0;1
23400;;;OXYGEN_SHAKE_EVENING_BREATH;XIRECS;9414.0;1
23400;;;OXYGEN_SHAKE_GARLIC;XIRECS;11637.0;1
23400;;;OXYGEN_SHAKE_MINT;XIRECS;9798.0;1
23400;;;OXYGEN_SHAKE_MORNING_BREATH;XIRECS;9680.0;1
23400;;;PANEL_1X2;XIRECS;8868.0;1
23400;;;PANEL_1X4;XIRECS;8781.0;1
23400;;;PANEL_2X2;XIRECS;9001.0;1
23400;;;PANEL_2X4;XIRECS;11296.0;1
23400;;;PANEL_4X4;XIRECS;10505.0;1
23400;;;ROBOT_DISHES;XIRECS;10372.0;1
23400;;;ROBOT_IRONING;XIRECS;7617.0;1
23400;;;ROBOT_LAUNDRY;XIRECS;9379.0;1
23400;;;ROBOT_MOPPING;XIRECS;11772.0;1
23400;;;ROBOT_VACUUMING;XIRECS;8726.0;1
23400;;;SLEEP_POD_COTTON;XIRECS;12105.0;1
23400;;;SLEEP_POD_LAMB_WOOL;XIRECS;10819.0;1
23400;;;SLEEP_POD_NYLON;XIRECS;9692.0;1
23400;;;SLEEP_POD_POLYESTER;XIRECS;12922.0;1
23400;;;SLEEP_POD_SUEDE;XIRECS;12166.0;1
23400;;;SNACKPACK_CHOCOLATE;XIRECS;9885.0;1
23400;;;SNACKPACK_PISTACHIO;XIRECS;9329.0;1
23400;;;SNACKPACK_RASPBERRY;XIRECS;10233.0;1
23400;;;SNACKPACK_STRAWBERRY;XIRECS;10727.0;1
23400;;;SNACKPACK_VANILLA;XIRECS;9969.0;1
23400;;;TRANSLATOR_ASTRO_BLACK;XIRECS;9115.0;1
23400;;;TRANSLATOR_ECLIPSE_CHARCOAL;XIRECS;9712.0;1
23400;;;TRANSLATOR_GRAPHITE_MIST;XIRECS;11127.0;1
23400;;;TRANSLATOR_SPACE_GRAY;XIRECS;10195.0;1
23400;;;TRANSLATOR_VOID_BLUE;XIRECS;10796.0;1
23400;;;UV_VISOR_AMBER;XIRECS;7238.0;1
23400;;;UV_VISOR_MAGENTA;XIRECS;11206.0;1
23400;;;UV_VISOR_ORANGE;XIRECS;10188.0;1
23400;;;UV_VISOR_RED;XIRECS;11269.0;1
23400;;;UV_VISOR_YELLOW;XIRECS;12177.0;1
23700;;;GALAXY_SOUNDS_BLACK_HOLES;XIRECS;11979.0;1
23700;;;GALAXY_SOUNDS_DARK_MATTER;XIRECS;10967.0;1
23700;;;GALAXY_SOUNDS_PLANETARY_RINGS;XIRECS;11366.0;1
23700;;;GALAXY_SOUNDS_SOLAR_FLAMES;XIRECS;10704.0;1
23700;;;GALAXY_SOUNDS_SOLAR_WINDS;XIRECS;10698.0;1
23700;;;OXYGEN_SHAKE_CHOCOLATE;XIRECS;9092.0;1
23700;;;OXYGEN_SHAKE_EVENING_BREATH;XIRECS;9414.0;1
23700;;;OXYGEN_SHAKE_GARLIC;XIRECS;11656.0;1
23700;;;OXYGEN_SHAKE_MINT;XIRECS;9804.0;1
23700;;;OXYGEN_SHAKE_MORNING_BREATH;XIRECS;9673.0;1
23700;;;PANEL_1X2;XIRECS;8862.0;1
23700;;;PANEL_1X4;XIRECS;8781.0;1
23700;;;PANEL_2X2;XIRECS;9023.0;1
23700;;;PANEL_2X4;XIRECS;11248.0;1
23700;;;PANEL_4X4;XIRECS;10475.0;1
23700;;;ROBOT_DISHES;XIRECS;10379.0;1
23700;;;ROBOT_IRONING;XIRECS;7627.0;1
23700;;;ROBOT_LAUNDRY;XIRECS;9382.0;1
23700;;;ROBOT_MOPPING;XIRECS;11737.0;1
23700;;;ROBOT_VACUUMING;XIRECS;8703.0;1
23700;;;SLEEP_POD_COTTON;XIRECS;12116.0;1
23700;;;SLEEP_POD_LAMB_WOOL;XIRECS;10813.0;1
23700;;;SLEEP_POD_NYLON;XIRECS;9687.0;1
23700;;;SLEEP_POD_POLYESTER;XIRECS;12934.0;1
23700;;;SLEEP_POD_SUEDE;XIRECS;12146.0;1
23700;;;SNACKPACK_CHOCOLATE;XIRECS;9899.0;1
23700;;;SNACKPACK_PISTACHIO;XIRECS;9318.0;1
23700;;;SNACKPACK_RASPBERRY;XIRECS;10248.0;1
23700;;;SNACKPACK_STRAWBERRY;XIRECS;10705.0;1
23700;;;SNACKPACK_VANILLA;XIRECS;9959.0;1
23700;;;TRANSLATOR_ASTRO_BLACK;XIRECS;9110.0;1
23700;;;TRANSLATOR_ECLIPSE_CHARCOAL;XIRECS;9696.0;1
23700;;;TRANSLATOR_GRAPHITE_MIST;XIRECS;11145.0;1
23700;;;TRANSLATOR_SPACE_GRAY;XIRECS;10196.0;1
23700;;;TRANSLATOR_VOID_BLUE;XIRECS;10787.0;1
23700;;;UV_VISOR_AMBER;XIRECS;7243.0;1
23700;;;UV_VISOR_MAGENTA;XIRECS;11188.0;1
23700;;;UV_VISOR_ORANGE;XIRECS;10167.0;1
23700;;;UV_VISOR_RED;XIRECS;11272.0;1
23700;;;UV_VISOR_YELLOW;XIRECS;12180.0;1
24000;;;MICROCHIP_CIRCLE;XIRECS;8618.0;1
24000;;;MICROCHIP_OVAL;XIRECS;7324.0;1
24000;;;MICROCHIP_RECTANGLE;XIRECS;7982.0;1
24000;;;MICROCHIP_SQUARE;XIRECS;15744.0;1
24000;;;MICROCHIP_TRIANGLE;XIRECS;9081.0;1
24700;;;MICROCHIP_CIRCLE;XIRECS;8613.0;3
24700;;;MICROCHIP_OVAL;XIRECS;7293.0;3
24700;;;MICROCHIP_RECTANGLE;XIRECS;8006.0;3
24700;;;MICROCHIP_SQUARE;XIRECS;15832.0;3
24700;;;MICROCHIP_TRIANGLE;XIRECS;9107.0;3
26000;;;PEBBLES_L;XIRECS;10940.0;5
26000;;;PEBBLES_M;XIRECS;11116.0;5
26000;;;PEBBLES_S;XIRECS;8512.0;5
26000;;;PEBBLES_XL;XIRECS;12584.0;5
26000;;;PEBBLES_XS;XIRECS;6817.0;5
26200;;;MICROCHIP_CIRCLE;XIRECS;8579.0;2
26200;;;MICROCHIP_OVAL;XIRECS;7289.0;2
26200;;;MICROCHIP_RECTANGLE;XIRECS;7997.0;2
26200;;;MICROCHIP_SQUARE;XIRECS;15661.0;2
26200;;;MICROCHIP_TRIANGLE;XIRECS;9155.0;2
26600;;;MICROCHIP_CIRCLE;XIRECS;8561.0;1
26600;;;MICROCHIP_OVAL;XIRECS;7335.0;1
26600;;;MICROCHIP_RECTANGLE;XIRECS;7976.0;1
26600;;;MICROCHIP_SQUARE;XIRECS;15667.0;1
26600;;;MICROCHIP_TRIANGLE;XIRECS;9148.0;1
28400;;;PEBBLES_L;XIRECS;10858.0;3
28400;;;PEBBLES_M;XIRECS;11113.0;3
28400;;;PEBBLES_S;XIRECS;8604.0;3
28400;;;PEBBLES_XL;XIRECS;12470.0;3
28400;;;PEBBLES_XS;XIRECS;6923.0;3
29200;;;PEBBLES_L;XIRECS;10800.0;2
29200;;;PEBBLES_M;XIRECS;11174.0;2
29200;;;PEBBLES_S;XIRECS;8674.0;2
29200;;;PEBBLES_XL;XIRECS;12312.0;2
29200;;;PEBBLES_XS;XIRECS;7006.0;2
29700;;;MICROCHIP_CIRCLE;XIRECS;8545.0;3
29700;;;MICROCHIP_OVAL;XIRECS;7390.0;3
29700;;;MICROCHIP_RECTANGLE;XIRECS;7939.0;3
29700;;;MICROCHIP_SQUARE;XIRECS;15675.0;3
29700;;;MICROCHIP_TRIANGLE;XIRECS;9103.0;3
30100;;;PEBBLES_L;XIRECS;10775.0;4
30100;;;PEBBLES_M;XIRECS;11166.0;4
30100;;;PEBBLES_S;XIRECS;8651.0;4
30100;;;PEBBLES_XL;XIRECS;12428.0;4
30100;;;PEBBLES_XS;XIRECS;6948.0;4
30300;;;PEBBLES_L;XIRECS;10795.0;4
30300;;;PEBBLES_M;XIRECS;11146.0;4
30300;;;PEBBLES_S;XIRECS;8678.0;4
30300;;;PEBBLES_XL;XIRECS;12446.0;4
30300;;;PEBBLES_XS;XIRECS;6966.0;4
30400;;;GALAXY_SOUNDS_BLACK_HOLES;XIRECS;11971.0;1
30400;;;GALAXY_SOUNDS_DARK_MATTER;XIRECS;10972.0;1
30400;;;GALAXY_SOUNDS_PLANETARY_RINGS;XIRECS;11420.0;1
30400;;;GALAXY_SOUNDS_SOLAR_FLAMES;XIRECS;10708.0;1
30400;;;GALAXY_SOUNDS_SOLAR_WINDS;XIRECS;10543.0;1
30400;;;OXYGEN_SHAKE_CHOCOLATE;XIRECS;9083.0;1
30400;;;OXYGEN_SHAKE_EVENING_BREATH;XIRECS;9436.0;1
30400;;;OXYGEN_SHAKE_GARLIC;XIRECS;11650.0;1
30400;;;OXYGEN_SHAKE_MINT;XIRECS;9651.0;1
30400;;;OXYGEN_SHAKE_MORNING_BREATH;XIRECS;9664.0;1
30400;;;PANEL_1X2;XIRECS;8813.0;1
30400;;;PANEL_1X4;XIRECS;8703.0;1
30400;;;PANEL_2X2;XIRECS;9065.0;1
30400;;;PANEL_2X4;XIRECS;11081.0;1
30400;;;PANEL_4X4;XIRECS;10556.0;1
30400;;;ROBOT_DISHES;XIRECS;10488.0;1
30400;;;ROBOT_IRONING;XIRECS;7643.0;1
30400;;;ROBOT_LAUNDRY;XIRECS;9358.0;1
30400;;;ROBOT_MOPPING;XIRECS;11783.0;1
30400;;;ROBOT_VACUUMING;XIRECS;8698.0;1
30400;;;SLEEP_POD_COTTON;XIRECS;12223.0;1
30400;;;SLEEP_POD_LAMB_WOOL;XIRECS;10776.0;1
30400;;;SLEEP_POD_NYLON;XIRECS;9691.0;1
30400;;;SLEEP_POD_POLYESTER;XIRECS;12861.0;1
30400;;;SLEEP_POD_SUEDE;XIRECS;12290.0;1
30400;;;SNACKPACK_CHOCOLATE;XIRECS;9939.0;1
30400;;;SNACKPACK_PISTACHIO;XIRECS;9331.0;1
30400;;;SNACKPACK_RASPBERRY;XIRECS;10270.0;1
30400;;;SNACKPACK_STRAWBERRY;XIRECS;10719.0;1
30400;;;SNACKPACK_VANILLA;XIRECS;9946.0;1
30400;;;TRANSLATOR_ASTRO_BLACK;XIRECS;9167.0;1
30400;;;TRANSLATOR_ECLIPSE_CHARCOAL;XIRECS;9549.0;1
30400;;;TRANSLATOR_GRAPHITE_MIST;XIRECS;11186.0;1
30400;;;TRANSLATOR_SPACE_GRAY;XIRECS;10175.0;1
30400;;;TRANSLATOR_VOID_BLUE;XIRECS;10819.0;1
30400;;;UV_VISOR_AMBER;XIRECS;7222.0;1
30400;;;UV_VISOR_MAGENTA;XIRECS;11074.0;1
30400;;;UV_VISOR_ORANGE;XIRECS;10290.0;1
30400;;;UV_VISOR_RED;XIRECS;11211.0;1
30400;;;UV_VISOR_YELLOW;XIRECS;12104.0;1
31500;;;PEBBLES_L;XIRECS;10734.0;4
31500;;;PEBBLES_M;XIRECS;11219.0;4
31500;;;PEBBLES_S;XIRECS;8751.0;4
31500;;;PEBBLES_XL;XIRECS;12304.0;4
31500;;;PEBBLES_XS;XIRECS;7025.0;4
32000;;;MICROCHIP_CIRCLE;XIRECS;8581.0;2
32000;;;MICROCHIP_OVAL;XIRECS;7405.0;2
32000;;;MICROCHIP_RECTANGLE;XIRECS;8032.0;2
32000;;;MICROCHIP_SQUARE;XIRECS;15707.0;2
32000;;;MICROCHIP_TRIANGLE;XIRECS;9164.0;2
32400;;;GALAXY_SOUNDS_BLACK_HOLES;XIRECS;11862.0;4
32400;;;GALAXY_SOUNDS_DARK_MATTER;XIRECS;11018.0;4
32400;;;GALAXY_SOUNDS_PLANETARY_RINGS;XIRECS;11442.0;4
32400;;;GALAXY_SOUNDS_SOLAR_FLAMES;XIRECS;10666.0;4
32400;;;GALAXY_SOUNDS_SOLAR_WINDS;XIRECS;10623.0;4
32400;;;OXYGEN_SHAKE_CHOCOLATE;XIRECS;9137.0;4
32400;;;OXYGEN_SHAKE_EVENING_BREATH;XIRECS;9364.0;4
32400;;;OXYGEN_SHAKE_GARLIC;XIRECS;11675.0;4
32400;;;OXYGEN_SHAKE_MINT;XIRECS;9728.0;4
32400;;;OXYGEN_SHAKE_MORNING_BREATH;XIRECS;9689.0;4
32400;;;PANEL_1X2;XIRECS;8774.0;4
32400;;;PANEL_1X4;XIRECS;8653.0;4
32400;;;PANEL_2X2;XIRECS;9059.0;4
32400;;;PANEL_2X4;XIRECS;11038.0;4
32400;;;PANEL_4X4;XIRECS;10552.0;4
32400;;;ROBOT_DISHES;XIRECS;10532.0;4
32400;;;ROBOT_IRONING;XIRECS;7657.0;4
32400;;;ROBOT_LAUNDRY;XIRECS;9318.0;4
32400;;;ROBOT_MOPPING;XIRECS;11708.0;4
32400;;;ROBOT_VACUUMING;XIRECS;8665.0;4
32400;;;SLEEP_POD_COTTON;XIRECS;12155.0;4
32400;;;SLEEP_POD_LAMB_WOOL;XIRECS;10802.0;4
32400;;;SLEEP_POD_NYLON;XIRECS;9723.0;4
32400;;;SLEEP_POD_POLYESTER;XIRECS;12863.0;4
32400;;;SLEEP_POD_SUEDE;XIRECS;12273.0;4
32400;;;SNACKPACK_CHOCOLATE;XIRECS;9937.0;4
32400;;;SNACKPACK_PISTACHIO;XIRECS;9315.0;4
32400;;;SNACKPACK_RASPBERRY;XIRECS;10253.0;4
32400;;;SNACKPACK_STRAWBERRY;XIRECS;10696.0;4
32400;;;SNACKPACK_VANILLA;XIRECS;9913.0;4
32400;;;TRANSLATOR_ASTRO_BLACK;XIRECS;9197.0;4
32400;;;TRANSLATOR_ECLIPSE_CHARCOAL;XIRECS;9526.0;4
32400;;;TRANSLATOR_GRAPHITE_MIST;XIRECS;11131.0;4
32400;;;TRANSLATOR_SPACE_GRAY;XIRECS;10162.0;4
32400;;;TRANSLATOR_VOID_BLUE;XIRECS;10849.0;4
32400;;;UV_VISOR_AMBER;XIRECS;7201.0;4
32400;;;UV_VISOR_MAGENTA;XIRECS;11144.0;4
32400;;;UV_VISOR_ORANGE;XIRECS;10257.0;4
32400;;;UV_VISOR_RED;XIRECS;11186.0;4
32400;;;UV_VISOR_YELLOW;XIRECS;12082.0;4
36400;;;GALAXY_SOUNDS_BLACK_HOLES;XIRECS;11869.0;3
36400;;;GALAXY_SOUNDS_DARK_MATTER;XIRECS;10926.0;3
36400;;;GALAXY_SOUNDS_PLANETARY_RINGS;XIRECS;11394.0;3
36400;;;GALAXY_SOUNDS_SOLAR_FLAMES;XIRECS;10606.0;3
36400;;;GALAXY_SOUNDS_SOLAR_WINDS;XIRECS;10667.0;3
36400;;;OXYGEN_SHAKE_CHOCOLATE;XIRECS;9125.0;3
36400;;;OXYGEN_SHAKE_EVENING_BREATH;XIRECS;9334.0;3
36400;;;OXYGEN_SHAKE_GARLIC;XIRECS;11715.0;3
36400;;;OXYGEN_SHAKE_MINT;XIRECS;9673.0;3
36400;;;OXYGEN_SHAKE_MORNING_BREATH;XIRECS;9658.0;3
36400;;;PANEL_1X2;XIRECS;8753.0;3
36400;;;PANEL_1X4;XIRECS;8589.0;3
36400;;;PANEL_2X2;XIRECS;9054.0;3
36400;;;PANEL_2X4;XIRECS;10924.0;3
36400;;;PANEL_4X4;XIRECS;10601.0;3
36400;;;ROBOT_DISHES;XIRECS;10514.0;3
36400;;;ROBOT_IRONING;XIRECS;7737.0;3
36400;;;ROBOT_LAUNDRY;XIRECS;9198.0;3
36400;;;ROBOT_MOPPING;XIRECS;11665.0;3
36400;;;ROBOT_VACUUMING;XIRECS;8697.0;3
36400;;;SLEEP_POD_COTTON;XIRECS;12269.0;3
36400;;;SLEEP_POD_LAMB_WOOL;XIRECS;10869.0;3
36400;;;SLEEP_POD_NYLON;XIRECS;9666.0;3
36400;;;SLEEP_POD_POLYESTER;XIRECS;12818.0;3
36400;;;SLEEP_POD_SUEDE;XIRECS;12291.0;3
36400;;;SNACKPACK_CHOCOLATE;XIRECS;9837.0;3
36400;;;SNACKPACK_PISTACHIO;XIRECS;9318.0;3
36400;;;SNACKPACK_RASPBERRY;XIRECS;10253.0;3
36400;;;SNACKPACK_STRAWBERRY;XIRECS;10705.0;3
36400;;;SNACKPACK_VANILLA;XIRECS;10020.0;3
36400;;;TRANSLATOR_ASTRO_BLACK;XIRECS;9270.0;3
36400;;;TRANSLATOR_ECLIPSE_CHARCOAL;XIRECS;9517.0;3
36400;;;TRANSLATOR_GRAPHITE_MIST;XIRECS;11153.0;3
36400;;;TRANSLATOR_SPACE_GRAY;XIRECS;10222.0;3
36400;;;TRANSLATOR_VOID_BLUE;XIRECS;10793.0;3
36400;;;UV_VISOR_AMBER;XIRECS;7123.0;3
36400;;;UV_VISOR_MAGENTA;XIRECS;11208.0;3
36400;;;UV_VISOR_ORANGE;XIRECS;10325.0;3
36400;;;UV_VISOR_RED;XIRECS;11286.0;3
36400;;;UV_VISOR_YELLOW;XIRECS;12089.0;3
39800;;;PEBBLES_L;XIRECS;10797.0;5
39800;;;PEBBLES_M;XIRECS;11172.0;5
39800;;;PEBBLES_S;XIRECS;8785.0;5
39800;;;PEBBLES_XL;XIRECS;12221.0;5
39800;;;PEBBLES_XS;XIRECS;6993.0;5
40300;;;PEBBLES_L;XIRECS;10762.0;2
40300;;;PEBBLES_M;XIRECS;11163.0;2
40300;;;PEBBLES_S;XIRECS;8787.0;2
40300;;;PEBBLES_XL;XIRECS;12297.0;2
40300;;;PEBBLES_XS;XIRECS;7024.0;2
40600;;;GALAXY_SOUNDS_BLACK_HOLES;XIRECS;11895.0;4
40600;;;GALAXY_SOUNDS_DARK_MATTER;XIRECS;10894.0;4
40600;;;GALAXY_SOUNDS_PLANETARY_RINGS;XIRECS;11436.0;4
40600;;;GALAXY_SOUNDS_SOLAR_FLAMES;XIRECS;10531.0;4
40600;;;GALAXY_SOUNDS_SOLAR_WINDS;XIRECS;10556.0;4
40600;;;OXYGEN_SHAKE_CHOCOLATE;XIRECS;9144.0;4
40600;;;OXYGEN_SHAKE_EVENING_BREATH;XIRECS;9334.0;4
40600;;;OXYGEN_SHAKE_GARLIC;XIRECS;11808.0;4
40600;;;OXYGEN_SHAKE_MINT;XIRECS;9684.0;4
40600;;;OXYGEN_SHAKE_MORNING_BREATH;XIRECS;9636.0;4
40600;;;PANEL_1X2;XIRECS;8710.0;4
40600;;;PANEL_1X4;XIRECS;8590.0;4
40600;;;PANEL_2X2;XIRECS;9064.0;4
40600;;;PANEL_2X4;XIRECS;10953.0;4
40600;;;PANEL_4X4;XIRECS;10618.0;4
40600;;;ROBOT_DISHES;XIRECS;10568.0;4
40600;;;ROBOT_IRONING;XIRECS;7827.0;4
40600;;;ROBOT_LAUNDRY;XIRECS;9171.0;4
40600;;;ROBOT_MOPPING;XIRECS;11734.0;4
40600;;;ROBOT_VACUUMING;XIRECS;8767.0;4
40600;;;SLEEP_POD_COTTON;XIRECS;12402.0;4
40600;;;SLEEP_POD_LAMB_WOOL;XIRECS;10747.0;4
40600;;;SLEEP_POD_NYLON;XIRECS;9727.0;4
40600;;;SLEEP_POD_POLYESTER;XIRECS;12786.0;4
40600;;;SLEEP_POD_SUEDE;XIRECS;12221.0;4
40600;;;SNACKPACK_CHOCOLATE;XIRECS;9829.0;4
40600;;;SNACKPACK_PISTACHIO;XIRECS;9350.0;4
40600;;;SNACKPACK_RASPBERRY;XIRECS;10184.0;4
40600;;;SNACKPACK_STRAWBERRY;XIRECS;10766.0;4
40600;;;SNACKPACK_VANILLA;XIRECS;10035.0;4
40600;;;TRANSLATOR_ASTRO_BLACK;XIRECS;9308.0;4
40600;;;TRANSLATOR_ECLIPSE_CHARCOAL;XIRECS;9563.0;4
40600;;;TRANSLATOR_GRAPHITE_MIST;XIRECS;11253.0;4
40600;;;TRANSLATOR_SPACE_GRAY;XIRECS;10175.0;4
40600;;;TRANSLATOR_VOID_BLUE;XIRECS;10718.0;4
40600;;;UV_VISOR_AMBER;XIRECS;7036.0;4
40600;;;UV_VISOR_MAGENTA;XIRECS;11182.0;4
40600;;;UV_VISOR_ORANGE;XIRECS;10359.0;4
40600;;;UV_VISOR_RED;XIRECS;11321.0;4
40600;;;UV_VISOR_YELLOW;XIRECS;12106.0;4
42200;;;GALAXY_SOUNDS_BLACK_HOLES;XIRECS;11882.0;4
42200;;;GALAXY_SOUNDS_DARK_MATTER;XIRECS;10892.0;4
42200;;;GALAXY_SOUNDS_PLANETARY_RINGS;XIRECS;11395.0;4
42200;;;GALAXY_SOUNDS_SOLAR_FLAMES;XIRECS;10483.0;4
42200;;;GALAXY_SOUNDS_SOLAR_WINDS;XIRECS;10537.0;4
42200;;;OXYGEN_SHAKE_CHOCOLATE;XIRECS;9156.0;4
42200;;;OXYGEN_SHAKE_EVENING_BREATH;XIRECS;9326.0;4
42200;;;OXYGEN_SHAKE_GARLIC;XIRECS;11808.0;4
42200;;;OXYGEN_SHAKE_MINT;XIRECS;9753.0;4
42200;;;OXYGEN_SHAKE_MORNING_BREATH;XIRECS;9676.0;4
42200;;;PANEL_1X2;XIRECS;8733.0;4
42200;;;PANEL_1X4;XIRECS;8612.0;4
42200;;;PANEL_2X2;XIRECS;9081.0;4
42200;;;PANEL_2X4;XIRECS;10993.0;4
42200;;;PANEL_4X4;XIRECS;10594.0;4
42200;;;ROBOT_DISHES;XIRECS;10520.0;4
42200;;;ROBOT_IRONING;XIRECS;7843.0;4
42200;;;ROBOT_LAUNDRY;XIRECS;9168.0;4
42200;;;ROBOT_MOPPING;XIRECS;11714.0;4
42200;;;ROBOT_VACUUMING;XIRECS;8769.0;4
42200;;;SLEEP_POD_COTTON;XIRECS;12463.0;4
42200;;;SLEEP_POD_LAMB_WOOL;XIRECS;10758.0;4
42200;;;SLEEP_POD_NYLON;XIRECS;9710.0;4
42200;;;SLEEP_POD_POLYESTER;XIRECS;12887.0;4
42200;;;SLEEP_POD_SUEDE;XIRECS;12212.0;4
42200;;;SNACKPACK_CHOCOLATE;XIRECS;9842.0;4
42200;;;SNACKPACK_PISTACHIO;XIRECS;9343.0;4
42200;;;SNACKPACK_RASPBERRY;XIRECS;10215.0;4
42200;;;SNACKPACK_STRAWBERRY;XIRECS;10763.0;4
42200;;;SNACKPACK_VANILLA;XIRECS;10061.0;4
42200;;;TRANSLATOR_ASTRO_BLACK;XIRECS;9380.0;4
42200;;;TRANSLATOR_ECLIPSE_CHARCOAL;XIRECS;9574.0;4
42200;;;TRANSLATOR_GRAPHITE_MIST;XIRECS;11346.0;4
42200;;;TRANSLATOR_SPACE_GRAY;XIRECS;10183.0;4
42200;;;TRANSLATOR_VOID_BLUE;XIRECS;10741.0;4
42200;;;UV_VISOR_AMBER;XIRECS;7019.0;4
42200;;;UV_VISOR_MAGENTA;XIRECS;11194.0;4
42200;;;UV_VISOR_ORANGE;XIRECS;10308.0;4
42200;;;UV_VISOR_RED;XIRECS;11369.0;4
42200;;;UV_VISOR_YELLOW;XIRECS;12176.0;4
42300;;;GALAXY_SOUNDS_BLACK_HOLES;XIRECS;11848.0;1
42300;;;GALAXY_SOUNDS_DARK_MATTER;XIRECS;10882.0;1
42300;;;GALAXY_SOUNDS_PLANETARY_RINGS;XIRECS;11364.0;1
42300;;;GALAXY_SOUNDS_SOLAR_FLAMES;XIRECS;10473.0;1
42300;;;GALAXY_SOUNDS_SOLAR_WINDS;XIRECS;10522.0;1
42300;;;OXYGEN_SHAKE_CHOCOLATE;XIRECS;9138.0;1
42300;;;OXYGEN_SHAKE_EVENING_BREATH;XIRECS;9304.0;1
42300;;;OXYGEN_SHAKE_GARLIC;XIRECS;11803.0;1
42300;;;OXYGEN_SHAKE_MINT;XIRECS;9744.0;1
42300;;;OXYGEN_SHAKE_MORNING_BREATH;XIRECS;9663.0;1
42300;;;PANEL_1X2;XIRECS;8723.0;1
42300;;;PANEL_1X4;XIRECS;8618.0;1
42300;;;PANEL_2X2;XIRECS;9080.0;1
42300;;;PANEL_2X4;XIRECS;10969.0;1
42300;;;PANEL_4X4;XIRECS;10581.0;1
42300;;;ROBOT_DISHES;XIRECS;10518.0;1
42300;;;ROBOT_IRONING;XIRECS;7827.0;1
42300;;;ROBOT_LAUNDRY;XIRECS;9144.0;1
42300;;;ROBOT_MOPPING;XIRECS;11709.0;1
42300;;;ROBOT_VACUUMING;XIRECS;8763.0;1
42300;;;SLEEP_POD_COTTON;XIRECS;12428.0;1
42300;;;SLEEP_POD_LAMB_WOOL;XIRECS;10754.0;1
42300;;;SLEEP_POD_NYLON;XIRECS;9712.0;1
42300;;;SLEEP_POD_POLYESTER;XIRECS;12868.0;1
42300;;;SLEEP_POD_SUEDE;XIRECS;12192.0;1
42300;;;SNACKPACK_CHOCOLATE;XIRECS;9824.0;1
42300;;;SNACKPACK_PISTACHIO;XIRECS;9328.0;1
42300;;;SNACKPACK_RASPBERRY;XIRECS;10192.0;1
42300;;;SNACKPACK_STRAWBERRY;XIRECS;10748.0;1
42300;;;SNACKPACK_VANILLA;XIRECS;10046.0;1
42300;;;TRANSLATOR_ASTRO_BLACK;XIRECS;9347.0;1
42300;;;TRANSLATOR_ECLIPSE_CHARCOAL;XIRECS;9556.0;1
42300;;;TRANSLATOR_GRAPHITE_MIST;XIRECS;11330.0;1
42300;;;TRANSLATOR_SPACE_GRAY;XIRECS;10170.0;1
42300;;;TRANSLATOR_VOID_BLUE;XIRECS;10728.0;1
42300;;;UV_VISOR_AMBER;XIRECS;7017.0;1
42300;;;UV_VISOR_MAGENTA;XIRECS;11189.0;1
42300;;;UV_VISOR_ORANGE;XIRECS;10286.0;1
42300;;;UV_VISOR_RED;XIRECS;11347.0;1
42300;;;UV_VISOR_YELLOW;XIRECS;12150.0;1
42900;;;GALAXY_SOUNDS_BLACK_HOLES;XIRECS;11806.0;3
42900;;;GALAXY_SOUNDS_DARK_MATTER;XIRECS;10861.0;3
42900;;;GALAXY_SOUNDS_PLANETARY_RINGS;XIRECS;11360.0;3
42900;;;GALAXY_SOUNDS_SOLAR_FLAMES;XIRECS;10516.0;3
42900;;;GALAXY_SOUNDS_SOLAR_WINDS;XIRECS;10539.0;3
42900;;;OXYGEN_SHAKE_CHOCOLATE;XIRECS;9117.0;3
42900;;;OXYGEN_SHAKE_EVENING_BREATH;XIRECS;9344.0;3
42900;;;OXYGEN_SHAKE_GARLIC;XIRECS;11833.0;3
42900;;;OXYGEN_SHAKE_MINT;XIRECS;9772.0;3
42900;;;OXYGEN_SHAKE_MORNING_BREATH;XIRECS;9687.0;3
42900;;;PANEL_1X2;XIRECS;8741.0;3
42900;;;PANEL_1X4;XIRECS;8637.0;3
42900;;;PANEL_2X2;XIRECS;9074.0;3
42900;;;PANEL_2X4;XIRECS;10968.0;3
42900;;;PANEL_4X4;XIRECS;10596.0;3
42900;;;ROBOT_DISHES;XIRECS;10526.0;3
42900;;;ROBOT_IRONING;XIRECS;7817.0;3
42900;;;ROBOT_LAUNDRY;XIRECS;9088.0;3
42900;;;ROBOT_MOPPING;XIRECS;11710.0;3
42900;;;ROBOT_VACUUMING;XIRECS;8757.0;3
42900;;;SLEEP_POD_COTTON;XIRECS;12390.0;3
42900;;;SLEEP_POD_LAMB_WOOL;XIRECS;10722.0;3
42900;;;SLEEP_POD_NYLON;XIRECS;9703.0;3
42900;;;SLEEP_POD_POLYESTER;XIRECS;12865.0;3
42900;;;SLEEP_POD_SUEDE;XIRECS;12166.0;3
42900;;;SNACKPACK_CHOCOLATE;XIRECS;9803.0;3
42900;;;SNACKPACK_PISTACHIO;XIRECS;9303.0;3
42900;;;SNACKPACK_RASPBERRY;XIRECS;10231.0;3
42900;;;SNACKPACK_STRAWBERRY;XIRECS;10701.0;3
42900;;;SNACKPACK_VANILLA;XIRECS;10073.0;3
42900;;;TRANSLATOR_ASTRO_BLACK;XIRECS;9350.0;3
42900;;;TRANSLATOR_ECLIPSE_CHARCOAL;XIRECS;9544.0;3
42900;;;TRANSLATOR_GRAPHITE_MIST;XIRECS;11327.0;3
42900;;;TRANSLATOR_SPACE_GRAY;XIRECS;10181.0;3
42900;;;TRANSLATOR_VOID_BLUE;XIRECS;10694.0;3
42900;;;UV_VISOR_AMBER;XIRECS;7026.0;3
42900;;;UV_VISOR_MAGENTA;XIRECS;11167.0;3
42900;;;UV_VISOR_ORANGE;XIRECS;10297.0;3
42900;;;UV_VISOR_RED;XIRECS;11326.0;3
42900;;;UV_VISOR_YELLOW;XIRECS;12205.0;3
43700;;;MICROCHIP_CIRCLE;XIRECS;8615.0;1
43700;;;MICROCHIP_OVAL;XIRECS;7509.0;1
43700;;;MICROCHIP_RECTANGLE;XIRECS;7953.0;1
43700;;;MICROCHIP_SQUARE;XIRECS;15916.0;1
43700;;;MICROCHIP_TRIANGLE;XIRECS;9226.0;1
45300;;;PEBBLES_L;XIRECS;10777.0;2
45300;;;PEBBLES_M;XIRECS;10938.0;2
45300;;;PEBBLES_S;XIRECS;8766.0;2
45300;;;PEBBLES_XL;XIRECS;12455.0;2
45300;;;PEBBLES_XS;XIRECS;7031.0;2
47100;;;PEBBLES_L;XIRECS;10849.0;2
47100;;;PEBBLES_M;XIRECS;10972.0;2
47100;;;PEBBLES_S;XIRECS;8777.0;2
47100;;;PEBBLES_XL;XIRECS;12319.0;2
47100;;;PEBBLES_XS;XIRECS;7114.0;2
53300;;;MICROCHIP_CIRCLE;XIRECS;8623.0;3
53300;;;MICROCHIP_OVAL;XIRECS;7473.0;3
53300;;;MICROCHIP_RECTANGLE;XIRECS;7846.0;3
53300;;;MICROCHIP_SQUARE;XIRECS;15647.0;3
53300;;;MICROCHIP_TRIANGLE;XIRECS;9377.0;3
53500;;;GALAXY_SOUNDS_BLACK_HOLES;XIRECS;11811.0;2
53500;;;GALAXY_SOUNDS_DARK_MATTER;XIRECS;10987.0;2
53500;;;GALAXY_SOUNDS_PLANETARY_RINGS;XIRECS;11105.0;2
53500;;;GALAXY_SOUNDS_SOLAR_FLAMES;XIRECS;10691.0;2
53500;;;GALAXY_SOUNDS_SOLAR_WINDS;XIRECS;10521.0;2
53500;;;OXYGEN_SHAKE_CHOCOLATE;XIRECS;9090.0;2
53500;;;OXYGEN_SHAKE_EVENING_BREATH;XIRECS;9374.0;2
53500;;;OXYGEN_SHAKE_GARLIC;XIRECS;11739.0;2
53500;;;OXYGEN_SHAKE_MINT;XIRECS;9695.0;2
53500;;;OXYGEN_SHAKE_MORNING_BREATH;XIRECS;9712.0;2
53500;;;PANEL_1X2;XIRECS;8815.0;2
53500;;;PANEL_1X4;XIRECS;8628.0;2
53500;;;PANEL_2X2;XIRECS;9069.0;2
53500;;;PANEL_2X4;XIRECS;11011.0;2
53500;;;PANEL_4X4;XIRECS;10686.0;2
53500;;;ROBOT_DISHES;XIRECS;10359.0;2
53500;;;ROBOT_IRONING;XIRECS;7867.0;2
53500;;;ROBOT_LAUNDRY;XIRECS;9047.0;2
53500;;;ROBOT_MOPPING;XIRECS;11700.0;2
53500;;;ROBOT_VACUUMING;XIRECS;8698.0;2
53500;;;SLEEP_POD_COTTON;XIRECS;12446.0;2
53500;;;SLEEP_POD_LAMB_WOOL;XIRECS;10595.0;2
53500;;;SLEEP_POD_NYLON;XIRECS;9829.0;2
53500;;;SLEEP_POD_POLYESTER;XIRECS;13028.0;2
53500;;;SLEEP_POD_SUEDE;XIRECS;12312.0;2
53500;;;SNACKPACK_CHOCOLATE;XIRECS;9688.0;2
53500;;;SNACKPACK_PISTACHIO;XIRECS;9406.0;2
53500;;;SNACKPACK_RASPBERRY;XIRECS;10068.0;2
53500;;;SNACKPACK_STRAWBERRY;XIRECS;10845.0;2
53500;;;SNACKPACK_VANILLA;XIRECS;10175.0;2
53500;;;TRANSLATOR_ASTRO_BLACK;XIRECS;9376.0;2
53500;;;TRANSLATOR_ECLIPSE_CHARCOAL;XIRECS;9642.0;2
53500;;;TRANSLATOR_GRAPHITE_MIST;XIRECS;11469.0;2
53500;;;TRANSLATOR_SPACE_GRAY;XIRECS;10017.0;2
53500;;;TRANSLATOR_VOID_BLUE;XIRECS;10718.0;2
53500;;;UV_VISOR_AMBER;XIRECS;6868.0;2
53500;;;UV_VISOR_MAGENTA;XIRECS;11228.0;2
53500;;;UV_VISOR_ORANGE;XIRECS;10389.0;2
53500;;;UV_VISOR_RED;XIRECS;11414.0;2
53500;;;UV_VISOR_YELLOW;XIRECS;12286.0;2
57800;;;GALAXY_SOUNDS_BLACK_HOLES;XIRECS;11901.0;1
57800;;;GALAXY_SOUNDS_DARK_MATTER;XIRECS;10987.0;1
57800;;;GALAXY_SOUNDS_PLANETARY_RINGS;XIRECS;10918.0;1
57800;;;GALAXY_SOUNDS_SOLAR_FLAMES;XIRECS;10663.0;1
57800;;;GALAXY_SOUNDS_SOLAR_WINDS;XIRECS;10557.0;1
57800;;;OXYGEN_SHAKE_CHOCOLATE;XIRECS;9048.0;1
57800;;;OXYGEN_SHAKE_EVENING_BREATH;XIRECS;9354.0;1
57800;;;OXYGEN_SHAKE_GARLIC;XIRECS;11660.0;1
57800;;;OXYGEN_SHAKE_MINT;XIRECS;9743.0;1
57800;;;OXYGEN_SHAKE_MORNING_BREATH;XIRECS;9766.0;1
57800;;;PANEL_1X2;XIRECS;8771.0;1
57800;;;PANEL_1X4;XIRECS;8649.0;1
57800;;;PANEL_2X2;XIRECS;9014.0;1
57800;;;PANEL_2X4;XIRECS;10949.0;1
57800;;;PANEL_4X4;XIRECS;10640.0;1
57800;;;ROBOT_DISHES;XIRECS;10242.0;1
57800;;;ROBOT_IRONING;XIRECS;7837.0;1
57800;;;ROBOT_LAUNDRY;XIRECS;9055.0;1
57800;;;ROBOT_MOPPING;XIRECS;11634.0;1
57800;;;ROBOT_VACUUMING;XIRECS;8815.0;1
57800;;;SLEEP_POD_COTTON;XIRECS;12503.0;1
57800;;;SLEEP_POD_LAMB_WOOL;XIRECS;10506.0;1
57800;;;SLEEP_POD_NYLON;XIRECS;9936.0;1
57800;;;SLEEP_POD_POLYESTER;XIRECS;13099.0;1
57800;;;SLEEP_POD_SUEDE;XIRECS;12382.0;1
57800;;;SNACKPACK_CHOCOLATE;XIRECS;9663.0;1
57800;;;SNACKPACK_PISTACHIO;XIRECS;9431.0;1
57800;;;SNACKPACK_RASPBERRY;XIRECS;10042.0;1
57800;;;SNACKPACK_STRAWBERRY;XIRECS;10877.0;1
57800;;;SNACKPACK_VANILLA;XIRECS;10201.0;1
57800;;;TRANSLATOR_ASTRO_BLACK;XIRECS;9366.0;1
57800;;;TRANSLATOR_ECLIPSE_CHARCOAL;XIRECS;9749.0;1
57800;;;TRANSLATOR_GRAPHITE_MIST;XIRECS;11395.0;1
57800;;;TRANSLATOR_SPACE_GRAY;XIRECS;10117.0;1
57800;;;TRANSLATOR_VOID_BLUE;XIRECS;10706.0;1
57800;;;UV_VISOR_AMBER;XIRECS;6810.0;1
57800;;;UV_VISOR_MAGENTA;XIRECS;11246.0;1
57800;;;UV_VISOR_ORANGE;XIRECS;10398.0;1
57800;;;UV_VISOR_RED;XIRECS;11257.0;1
57800;;;UV_VISOR_YELLOW;XIRECS;12207.0;1
57900;;;MICROCHIP_CIRCLE;XIRECS;8584.0;3
57900;;;MICROCHIP_OVAL;XIRECS;7409.0;3
57900;;;MICROCHIP_RECTANGLE;XIRECS;7737.0;3
57900;;;MICROCHIP_SQUARE;XIRECS;15834.0;3
57900;;;MICROCHIP_TRIANGLE;XIRECS;9526.0;3
57900;;;PEBBLES_L;XIRECS;10945.0;5
57900;;;PEBBLES_M;XIRECS;11080.0;5
57900;;;PEBBLES_S;XIRECS;8788.0;5
57900;;;PEBBLES_XL;XIRECS;12211.0;5
57900;;;PEBBLES_XS;XIRECS;7009.0;5
59300;;;PEBBLES_L;XIRECS;10928.0;4
59300;;;PEBBLES_M;XIRECS;11143.0;4
59300;;;PEBBLES_S;XIRECS;8746.0;4
59300;;;PEBBLES_XL;XIRECS;12134.0;4
59300;;;PEBBLES_XS;XIRECS;7082.0;4
59400;;;PEBBLES_L;XIRECS;10896.0;5
59400;;;PEBBLES_M;XIRECS;11134.0;5
59400;;;PEBBLES_S;XIRECS;8740.0;5
59400;;;PEBBLES_XL;XIRECS;12135.0;5
59400;;;PEBBLES_XS;XIRECS;7062.0;5
60200;;;GALAXY_SOUNDS_BLACK_HOLES;XIRECS;11874.0;3
60200;;;GALAXY_SOUNDS_DARK_MATTER;XIRECS;11025.0;3
60200;;;GALAXY_SOUNDS_PLANETARY_RINGS;XIRECS;10985.0;3
60200;;;GALAXY_SOUNDS_SOLAR_FLAMES;XIRECS;10698.0;3
60200;;;GALAXY_SOUNDS_SOLAR_WINDS;XIRECS;10554.0;3
60200;;;OXYGEN_SHAKE_CHOCOLATE;XIRECS;9050.0;3
60200;;;OXYGEN_SHAKE_EVENING_BREATH;XIRECS;9324.0;3
60200;;;OXYGEN_SHAKE_GARLIC;XIRECS;11637.0;3
60200;;;OXYGEN_SHAKE_MINT;XIRECS;9691.0;3
60200;;;OXYGEN_SHAKE_MORNING_BREATH;XIRECS;9731.0;3
60200;;;PANEL_1X2;XIRECS;8822.0;3
60200;;;PANEL_1X4;XIRECS;8636.0;3
60200;;;PANEL_2X2;XIRECS;8963.0;3
60200;;;PANEL_2X4;XIRECS;10914.0;3
60200;;;PANEL_4X4;XIRECS;10819.0;3
60200;;;ROBOT_DISHES;XIRECS;10190.0;3
60200;;;ROBOT_IRONING;XIRECS;7827.0;3
60200;;;ROBOT_LAUNDRY;XIRECS;9022.0;3
60200;;;ROBOT_MOPPING;XIRECS;11670.0;3
60200;;;ROBOT_VACUUMING;XIRECS;8876.0;3
60200;;;SLEEP_POD_COTTON;XIRECS;12491.0;3
60200;;;SLEEP_POD_LAMB_WOOL;XIRECS;10512.0;3
60200;;;SLEEP_POD_NYLON;XIRECS;9950.0;3
60200;;;SLEEP_POD_POLYESTER;XIRECS;13218.0;3
60200;;;SLEEP_POD_SUEDE;XIRECS;12408.0;3
60200;;;SNACKPACK_CHOCOLATE;XIRECS;9652.0;3
60200;;;SNACKPACK_PISTACHIO;XIRECS;9451.0;3
60200;;;SNACKPACK_RASPBERRY;XIRECS;10027.0;3
60200;;;SNACKPACK_STRAWBERRY;XIRECS;10889.0;3
60200;;;SNACKPACK_VANILLA;XIRECS;10210.0;3
60200;;;TRANSLATOR_ASTRO_BLACK;XIRECS;9376.0;3
60200;;;TRANSLATOR_ECLIPSE_CHARCOAL;XIRECS;9789.0;3
60200;;;TRANSLATOR_GRAPHITE_MIST;XIRECS;11381.0;3
60200;;;TRANSLATOR_SPACE_GRAY;XIRECS;9990.0;3
60200;;;TRANSLATOR_VOID_BLUE;XIRECS;10654.0;3
60200;;;UV_VISOR_AMBER;XIRECS;6842.0;3
60200;;;UV_VISOR_MAGENTA;XIRECS;11290.0;3
60200;;;UV_VISOR_ORANGE;XIRECS;10383.0;3
60200;;;UV_VISOR_RED;XIRECS;11264.0;3
60200;;;UV_VISOR_YELLOW;XIRECS;12185.0;3
60900;;;MICROCHIP_CIRCLE;XIRECS;8589.0;2
60900;;;MICROCHIP_OVAL;XIRECS;7314.0;2
60900;;;MICROCHIP_RECTANGLE;XIRECS;7638.0;2
60900;;;MICROCHIP_SQUARE;XIRECS;15875.0;2
60900;;;MICROCHIP_TRIANGLE;XIRECS;9507.0;2
63100;;;MICROCHIP_CIRCLE;XIRECS;8580.0;3
63100;;;MICROCHIP_OVAL;XIRECS;7241.0;3
63100;;;MICROCHIP_RECTANGLE;XIRECS;7636.0;3
63100;;;MICROCHIP_SQUARE;XIRECS;15794.0;3
63100;;;MICROCHIP_TRIANGLE;XIRECS;9466.0;3
63500;;;GALAXY_SOUNDS_BLACK_HOLES;XIRECS;11784.0;2
63500;;;GALAXY_SOUNDS_DARK_MATTER;XIRECS;10931.0;2
63500;;;GALAXY_SOUNDS_PLANETARY_RINGS;XIRECS;10871.0;2
63500;;;GALAXY_SOUNDS_SOLAR_FLAMES;XIRECS;10701.0;2
63500;;;GALAXY_SOUNDS_SOLAR_WINDS;XIRECS;10518.0;2
63500;;;OXYGEN_SHAKE_CHOCOLATE;XIRECS;9026.0;2
63500;;;OXYGEN_SHAKE_EVENING_BREATH;XIRECS;9364.0;2
63500;;;OXYGEN_SHAKE_GARLIC;XIRECS;11674.0;2
63500;;;OXYGEN_SHAKE_MINT;XIRECS;9617.0;2
63500;;;OXYGEN_SHAKE_MORNING_BREATH;XIRECS;9696.0;2
63500;;;PANEL_1X2;XIRECS;8782.0;2
63500;;;PANEL_1X4;XIRECS;8539.0;2
63500;;;PANEL_2X2;XIRECS;8951.0;2
63500;;;PANEL_2X4;XIRECS;10968.0;2
63500;;;PANEL_4X4;XIRECS;10843.0;2
63500;;;ROBOT_DISHES;XIRECS;10200.0;2
63500;;;ROBOT_IRONING;XIRECS;7837.0;2
63500;;;ROBOT_LAUNDRY;XIRECS;9059.0;2
63500;;;ROBOT_MOPPING;XIRECS;11685.0;2
63500;;;ROBOT_VACUUMING;XIRECS;8815.0;2
63500;;;SLEEP_POD_COTTON;XIRECS;12398.0;2
63500;;;SLEEP_POD_LAMB_WOOL;XIRECS;10544.0;2
63500;;;SLEEP_POD_NYLON;XIRECS;9937.0;2
63500;;;SLEEP_POD_POLYESTER;XIRECS;13133.0;2
63500;;;SLEEP_POD_SUEDE;XIRECS;12417.0;2
63500;;;SNACKPACK_CHOCOLATE;XIRECS;9680.0;2
63500;;;SNACKPACK_PISTACHIO;XIRECS;9428.0;2
63500;;;SNACKPACK_RASPBERRY;XIRECS;10045.0;2
63500;;;SNACKPACK_STRAWBERRY;XIRECS;10866.0;2
63500;;;SNACKPACK_VANILLA;XIRECS;10177.0;2
63500;;;TRANSLATOR_ASTRO_BLACK;XIRECS;9415.0;2
63500;;;TRANSLATOR_ECLIPSE_CHARCOAL;XIRECS;9822.0;2
63500;;;TRANSLATOR_GRAPHITE_MIST;XIRECS;11432.0;2
63500;;;TRANSLATOR_SPACE_GRAY;XIRECS;9907.0;2
63500;;;TRANSLATOR_VOID_BLUE;XIRECS;10593.0;2
63500;;;UV_VISOR_AMBER;XIRECS;6849.0;2
63500;;;UV_VISOR_MAGENTA;XIRECS;11324.0;2
63500;;;UV_VISOR_ORANGE;XIRECS;10359.0;2
63500;;;UV_VISOR_RED;XIRECS;11336.0;2
63500;;;UV_VISOR_YELLOW;XIRECS;12084.0;2
65000;;;GALAXY_SOUNDS_BLACK_HOLES;XIRECS;11850.0;4
65000;;;GALAXY_SOUNDS_DARK_MATTER;XIRECS;10903.0;4
65000;;;GALAXY_SOUNDS_PLANETARY_RINGS;XIRECS;10810.0;4
65000;;;GALAXY_SOUNDS_SOLAR_FLAMES;XIRECS;10781.0;4
65000;;;GALAXY_SOUNDS_SOLAR_WINDS;XIRECS;10517.0;4
65000;;;OXYGEN_SHAKE_CHOCOLATE;XIRECS;9068.0;4
65000;;;OXYGEN_SHAKE_EVENING_BREATH;XIRECS;9406.0;4
65000;;;OXYGEN_SHAKE_GARLIC;XIRECS;11733.0;4
65000;;;OXYGEN_SHAKE_MINT;XIRECS;9599.0;4
65000;;;OXYGEN_SHAKE_MORNING_BREATH;XIRECS;9652.0;4
65000;;;PANEL_1X2;XIRECS;8832.0;4
65000;;;PANEL_1X4;XIRECS;8531.0;4
65000;;;PANEL_2X2;XIRECS;8924.0;4
65000;;;PANEL_2X4;XIRECS;10965.0;4
65000;;;PANEL_4X4;XIRECS;10883.0;4
65000;;;ROBOT_DISHES;XIRECS;10193.0;4
65000;;;ROBOT_IRONING;XIRECS;7833.0;4
65000;;;ROBOT_LAUNDRY;XIRECS;9018.0;4
65000;;;ROBOT_MOPPING;XIRECS;11680.0;4
65000;;;ROBOT_VACUUMING;XIRECS;8875.0;4
65000;;;SLEEP_POD_COTTON;XIRECS;12421.0;4
65000;;;SLEEP_POD_LAMB_WOOL;XIRECS;10514.0;4
65000;;;SLEEP_POD_NYLON;XIRECS;9955.0;4
65000;;;SLEEP_POD_POLYESTER;XIRECS;13094.0;4
65000;;;SLEEP_POD_SUEDE;XIRECS;12477.0;4
65000;;;SNACKPACK_CHOCOLATE;XIRECS;9692.0;4
65000;;;SNACKPACK_PISTACHIO;XIRECS;9406.0;4
65000;;;SNACKPACK_RASPBERRY;XIRECS;10135.0;4
65000;;;SNACKPACK_STRAWBERRY;XIRECS;10814.0;4
65000;;;SNACKPACK_VANILLA;XIRECS;10198.0;4
65000;;;TRANSLATOR_ASTRO_BLACK;XIRECS;9451.0;4
65000;;;TRANSLATOR_ECLIPSE_CHARCOAL;XIRECS;9820.0;4
65000;;;TRANSLATOR_GRAPHITE_MIST;XIRECS;11419.0;4
65000;;;TRANSLATOR_SPACE_GRAY;XIRECS;9859.0;4
65000;;;TRANSLATOR_VOID_BLUE;XIRECS;10604.0;4
65000;;;UV_VISOR_AMBER;XIRECS;6855.0;4
65000;;;UV_VISOR_MAGENTA;XIRECS;11275.0;4
65000;;;UV_VISOR_ORANGE;XIRECS;10470.0;4
65000;;;UV_VISOR_RED;XIRECS;11405.0;4
65000;;;UV_VISOR_YELLOW;XIRECS;12074.0;4
67900;;;MICROCHIP_CIRCLE;XIRECS;8571.0;2
67900;;;MICROCHIP_OVAL;XIRECS;7230.0;2
67900;;;MICROCHIP_RECTANGLE;XIRECS;7672.0;2
67900;;;MICROCHIP_SQUARE;XIRECS;15921.0;2
67900;;;MICROCHIP_TRIANGLE;XIRECS;9415.0;2
72000;;;GALAXY_SOUNDS_BLACK_HOLES;XIRECS;11890.0;4
72000;;;GALAXY_SOUNDS_DARK_MATTER;XIRECS;10871.0;4
72000;;;GALAXY_SOUNDS_PLANETARY_RINGS;XIRECS;10873.0;4
72000;;;GALAXY_SOUNDS_SOLAR_FLAMES;XIRECS;10644.0;4
72000;;;GALAXY_SOUNDS_SOLAR_WINDS;XIRECS;10488.0;4
72000;;;OXYGEN_SHAKE_CHOCOLATE;XIRECS;9051.0;4
72000;;;OXYGEN_SHAKE_EVENING_BREATH;XIRECS;9524.0;4
72000;;;OXYGEN_SHAKE_GARLIC;XIRECS;11713.0;4
72000;;;OXYGEN_SHAKE_MINT;XIRECS;9570.0;4
72000;;;OXYGEN_SHAKE_MORNING_BREATH;XIRECS;9671.0;4
72000;;;PANEL_1X2;XIRECS;8706.0;4
72000;;;PANEL_1X4;XIRECS;8424.0;4
72000;;;PANEL_2X2;XIRECS;8933.0;4
72000;;;PANEL_2X4;XIRECS;10813.0;4
72000;;;PANEL_4X4;XIRECS;10808.0;4
72000;;;ROBOT_DISHES;XIRECS;10308.0;4
72000;;;ROBOT_IRONING;XIRECS;7867.0;4
72000;;;ROBOT_LAUNDRY;XIRECS;9074.0;4
72000;;;ROBOT_MOPPING;XIRECS;11758.0;4
72000;;;ROBOT_VACUUMING;XIRECS;8890.0;4
72000;;;SLEEP_POD_COTTON;XIRECS;12481.0;4
72000;;;SLEEP_POD_LAMB_WOOL;XIRECS;10267.0;4
72000;;;SLEEP_POD_NYLON;XIRECS;9822.0;4
72000;;;SLEEP_POD_POLYESTER;XIRECS;12910.0;4
72000;;;SLEEP_POD_SUEDE;XIRECS;12401.0;4
72000;;;SNACKPACK_CHOCOLATE;XIRECS;9761.0;4
72000;;;SNACKPACK_PISTACHIO;XIRECS;9363.0;4
72000;;;SNACKPACK_RASPBERRY;XIRECS;10126.0;4
72000;;;SNACKPACK_STRAWBERRY;XIRECS;10775.0;4
72000;;;SNACKPACK_VANILLA;XIRECS;10093.0;4
72000;;;TRANSLATOR_ASTRO_BLACK;XIRECS;9492.0;4
72000;;;TRANSLATOR_ECLIPSE_CHARCOAL;XIRECS;9841.0;4
72000;;;TRANSLATOR_GRAPHITE_MIST;XIRECS;11208.0;4
72000;;;TRANSLATOR_SPACE_GRAY;XIRECS;9799.0;4
72000;;;TRANSLATOR_VOID_BLUE;XIRECS;10590.0;4
72000;;;UV_VISOR_AMBER;XIRECS;6857.0;4
72000;;;UV_VISOR_MAGENTA;XIRECS;11146.0;4
72000;;;UV_VISOR_ORANGE;XIRECS;10633.0;4
72000;;;UV_VISOR_RED;XIRECS;11440.0;4
72000;;;UV_VISOR_YELLOW;XIRECS;12072.0;4
72500;;;PEBBLES_L;XIRECS;10906.0;4
72500;;;PEBBLES_M;XIRECS;11135.0;4
72500;;;PEBBLES_S;XIRECS;8618.0;4
72500;;;PEBBLES_XL;XIRECS;12382.0;4
72500;;;PEBBLES_XS;XIRECS;6991.0;4
73100;;;MICROCHIP_CIRCLE;XIRECS;8486.0;3
73100;;;MICROCHIP_OVAL;XIRECS;7150.0;3
73100;;;MICROCHIP_RECTANGLE;XIRECS;7657.0;3
73100;;;MICROCHIP_SQUARE;XIRECS;15852.0;3
73100;;;MICROCHIP_TRIANGLE;XIRECS;9345.0;3
73600;;;GALAXY_SOUNDS_BLACK_HOLES;XIRECS;11974.0;2
73600;;;GALAXY_SOUNDS_DARK_MATTER;XIRECS;10802.0;2
73600;;;GALAXY_SOUNDS_PLANETARY_RINGS;XIRECS;10895.0;2
73600;;;GALAXY_SOUNDS_SOLAR_FLAMES;XIRECS;10731.0;2
73600;;;GALAXY_SOUNDS_SOLAR_WINDS;XIRECS;10453.0;2
73600;;;OXYGEN_SHAKE_CHOCOLATE;XIRECS;9083.0;2
73600;;;OXYGEN_SHAKE_EVENING_BREATH;XIRECS;9486.0;2
73600;;;OXYGEN_SHAKE_GARLIC;XIRECS;11708.0;2
73600;;;OXYGEN_SHAKE_MINT;XIRECS;9630.0;2
73600;;;OXYGEN_SHAKE_MORNING_BREATH;XIRECS;9620.0;2
73600;;;PANEL_1X2;XIRECS;8689.0;2
73600;;;PANEL_1X4;XIRECS;8477.0;2
73600;;;PANEL_2X2;XIRECS;8879.0;2
73600;;;PANEL_2X4;XIRECS;10836.0;2
73600;;;PANEL_4X4;XIRECS;10830.0;2
73600;;;ROBOT_DISHES;XIRECS;10319.0;2
73600;;;ROBOT_IRONING;XIRECS;7863.0;2
73600;;;ROBOT_LAUNDRY;XIRECS;9103.0;2
73600;;;ROBOT_MOPPING;XIRECS;11763.0;2
73600;;;ROBOT_VACUUMING;XIRECS;8866.0;2
73600;;;SLEEP_POD_COTTON;XIRECS;12537.0;2
73600;;;SLEEP_POD_LAMB_WOOL;XIRECS;10335.0;2
73600;;;SLEEP_POD_NYLON;XIRECS;9835.0;2
73600;;;SLEEP_POD_POLYESTER;XIRECS;12869.0;2
73600;;;SLEEP_POD_SUEDE;XIRECS;12481.0;2
73600;;;SNACKPACK_CHOCOLATE;XIRECS;9740.0;2
73600;;;SNACKPACK_PISTACHIO;XIRECS;9346.0;2
73600;;;SNACKPACK_RASPBERRY;XIRECS;10171.0;2
73600;;;SNACKPACK_STRAWBERRY;XIRECS;10760.0;2
73600;;;SNACKPACK_VANILLA;XIRECS;10156.0;2
73600;;;TRANSLATOR_ASTRO_BLACK;XIRECS;9480.0;2
73600;;;TRANSLATOR_ECLIPSE_CHARCOAL;XIRECS;9821.0;2
73600;;;TRANSLATOR_GRAPHITE_MIST;XIRECS;11246.0;2
73600;;;TRANSLATOR_SPACE_GRAY;XIRECS;9804.0;2
73600;;;TRANSLATOR_VOID_BLUE;XIRECS;10650.0;2
73600;;;UV_VISOR_AMBER;XIRECS;6928.0;2
73600;;;UV_VISOR_MAGENTA;XIRECS;11077.0;2
73600;;;UV_VISOR_ORANGE;XIRECS;10630.0;2
73600;;;UV_VISOR_RED;XIRECS;11440.0;2
73600;;;UV_VISOR_YELLOW;XIRECS;12133.0;2
75300;;;GALAXY_SOUNDS_BLACK_HOLES;XIRECS;11933.0;1
75300;;;GALAXY_SOUNDS_DARK_MATTER;XIRECS;10771.0;1
75300;;;GALAXY_SOUNDS_PLANETARY_RINGS;XIRECS;10925.0;1
75300;;;GALAXY_SOUNDS_SOLAR_FLAMES;XIRECS;10621.0;1
75300;;;GALAXY_SOUNDS_SOLAR_WINDS;XIRECS;10471.0;1
75300;;;OXYGEN_SHAKE_CHOCOLATE;XIRECS;9071.0;1
75300;;;OXYGEN_SHAKE_EVENING_BREATH;XIRECS;9534.0;1
75300;;;OXYGEN_SHAKE_GARLIC;XIRECS;11855.0;1
75300;;;OXYGEN_SHAKE_MINT;XIRECS;9584.0;1
75300;;;OXYGEN_SHAKE_MORNING_BREATH;XIRECS;9632.0;1
75300;;;PANEL_1X2;XIRECS;8652.0;1
75300;;;PANEL_1X4;XIRECS;8439.0;1
75300;;;PANEL_2X2;XIRECS;8874.0;1
75300;;;PANEL_2X4;XIRECS;10823.0;1
75300;;;PANEL_4X4;XIRECS;10773.0;1
75300;;;ROBOT_DISHES;XIRECS;10387.0;1
75300;;;ROBOT_IRONING;XIRECS;7847.0;1
75300;;;ROBOT_LAUNDRY;XIRECS;9057.0;1
75300;;;ROBOT_MOPPING;XIRECS;11754.0;1
75300;;;ROBOT_VACUUMING;XIRECS;8857.0;1
75300;;;SLEEP_POD_COTTON;XIRECS;12503.0;1
75300;;;SLEEP_POD_LAMB_WOOL;XIRECS;10310.0;1
75300;;;SLEEP_POD_NYLON;XIRECS;9842.0;1
75300;;;SLEEP_POD_POLYESTER;XIRECS;12761.0;1
75300;;;SLEEP_POD_SUEDE;XIRECS;12417.0;1
75300;;;SNACKPACK_CHOCOLATE;XIRECS;9758.0;1
75300;;;SNACKPACK_PISTACHIO;XIRECS;9300.0;1
75300;;;SNACKPACK_RASPBERRY;XIRECS;10175.0;1
75300;;;SNACKPACK_STRAWBERRY;XIRECS;10733.0;1
75300;;;SNACKPACK_VANILLA;XIRECS;10098.0;1
75300;;;TRANSLATOR_ASTRO_BLACK;XIRECS;9415.0;1
75300;;;TRANSLATOR_ECLIPSE_CHARCOAL;XIRECS;9836.0;1
75300;;;TRANSLATOR_GRAPHITE_MIST;XIRECS;11225.0;1
75300;;;TRANSLATOR_SPACE_GRAY;XIRECS;9707.0;1
75300;;;TRANSLATOR_VOID_BLUE;XIRECS;10663.0;1
75300;;;UV_VISOR_AMBER;XIRECS;6941.0;1
75300;;;UV_VISOR_MAGENTA;XIRECS;11167.0;1
75300;;;UV_VISOR_ORANGE;XIRECS;10605.0;1
75300;;;UV_VISOR_RED;XIRECS;11418.0;1
75300;;;UV_VISOR_YELLOW;XIRECS;12089.0;1
79300;;;MICROCHIP_CIRCLE;XIRECS;8497.0;3
79300;;;MICROCHIP_OVAL;XIRECS;7127.0;3
79300;;;MICROCHIP_RECTANGLE;XIRECS;7590.0;3
79300;;;MICROCHIP_SQUARE;XIRECS;16126.0;3
79300;;;MICROCHIP_TRIANGLE;XIRECS;9429.0;3
81000;;;PEBBLES_L;XIRECS;10935.0;3
81000;;;PEBBLES_M;XIRECS;11143.0;3
81000;;;PEBBLES_S;XIRECS;8627.0;3
81000;;;PEBBLES_XL;XIRECS;12550.0;3
81000;;;PEBBLES_XS;XIRECS;6713.0;3
81500;;;MICROCHIP_CIRCLE;XIRECS;8416.0;3
81500;;;MICROCHIP_OVAL;XIRECS;7138.0;3
81500;;;MICROCHIP_RECTANGLE;XIRECS;7547.0;3
81500;;;MICROCHIP_SQUARE;XIRECS;16058.0;3
81500;;;MICROCHIP_TRIANGLE;XIRECS;9437.0;3
83400;;;GALAXY_SOUNDS_BLACK_HOLES;XIRECS;11895.0;3
83400;;;GALAXY_SOUNDS_DARK_MATTER;XIRECS;10904.0;3
83400;;;GALAXY_SOUNDS_PLANETARY_RINGS;XIRECS;10776.0;3
83400;;;GALAXY_SOUNDS_SOLAR_FLAMES;XIRECS;10731.0;3
83400;;;GALAXY_SOUNDS_SOLAR_WINDS;XIRECS;10589.0;3
83400;;;OXYGEN_SHAKE_CHOCOLATE;XIRECS;9070.0;3
83400;;;OXYGEN_SHAKE_EVENING_BREATH;XIRECS;9494.0;3
83400;;;OXYGEN_SHAKE_GARLIC;XIRECS;11924.0;3
83400;;;OXYGEN_SHAKE_MINT;XIRECS;9625.0;3
83400;;;OXYGEN_SHAKE_MORNING_BREATH;XIRECS;9444.0;3
83400;;;PANEL_1X2;XIRECS;8617.0;3
83400;;;PANEL_1X4;XIRECS;8435.0;3
83400;;;PANEL_2X2;XIRECS;8806.0;3
83400;;;PANEL_2X4;XIRECS;10858.0;3
83400;;;PANEL_4X4;XIRECS;10800.0;3
83400;;;ROBOT_DISHES;XIRECS;10297.0;3
83400;;;ROBOT_IRONING;XIRECS;7907.0;3
83400;;;ROBOT_LAUNDRY;XIRECS;8930.0;3
83400;;;ROBOT_MOPPING;XIRECS;11878.0;3
83400;;;ROBOT_VACUUMING;XIRECS;8749.0;3
83400;;;SLEEP_POD_COTTON;XIRECS;12831.0;3
83400;;;SLEEP_POD_LAMB_WOOL;XIRECS;10357.0;3
83400;;;SLEEP_POD_NYLON;XIRECS;9863.0;3
83400;;;SLEEP_POD_POLYESTER;XIRECS;12845.0;3
83400;;;SLEEP_POD_SUEDE;XIRECS;12303.0;3
83400;;;SNACKPACK_CHOCOLATE;XIRECS;9819.0;3
83400;;;SNACKPACK_PISTACHIO;XIRECS;9342.0;3
83400;;;SNACKPACK_RASPBERRY;XIRECS;10127.0;3
83400;;;SNACKPACK_STRAWBERRY;XIRECS;10793.0;3
83400;;;SNACKPACK_VANILLA;XIRECS;10064.0;3
83400;;;TRANSLATOR_ASTRO_BLACK;XIRECS;9432.0;3
83400;;;TRANSLATOR_ECLIPSE_CHARCOAL;XIRECS;9823.0;3
83400;;;TRANSLATOR_GRAPHITE_MIST;XIRECS;11291.0;3
83400;;;TRANSLATOR_SPACE_GRAY;XIRECS;9670.0;3
83400;;;TRANSLATOR_VOID_BLUE;XIRECS;10612.0;3
83400;;;UV_VISOR_AMBER;XIRECS;6961.0;3
83400;;;UV_VISOR_MAGENTA;XIRECS;11050.0;3
83400;;;UV_VISOR_ORANGE;XIRECS;10746.0;3
83400;;;UV_VISOR_RED;XIRECS;11505.0;3
83400;;;UV_VISOR_YELLOW;XIRECS;12113.0;3
85400;;;PEBBLES_L;XIRECS;10982.0;3
85400;;;PEBBLES_M;XIRECS;10944.0;3
85400;;;PEBBLES_S;XIRECS;8679.0;3
85400;;;PEBBLES_XL;XIRECS;12689.0;3
85400;;;PEBBLES_XS;XIRECS;6673.0;3
86000;;;GALAXY_SOUNDS_BLACK_HOLES;XIRECS;11947.0;3
86000;;;GALAXY_SOUNDS_DARK_MATTER;XIRECS;10836.0;3
86000;;;GALAXY_SOUNDS_PLANETARY_RINGS;XIRECS;10714.0;3
86000;;;GALAXY_SOUNDS_SOLAR_FLAMES;XIRECS;10736.0;3
86000;;;GALAXY_SOUNDS_SOLAR_WINDS;XIRECS;10612.0;3
86000;;;OXYGEN_SHAKE_CHOCOLATE;XIRECS;9101.0;3
86000;;;OXYGEN_SHAKE_EVENING_BREATH;XIRECS;9484.0;3
86000;;;OXYGEN_SHAKE_GARLIC;XIRECS;11948.0;3
86000;;;OXYGEN_SHAKE_MINT;XIRECS;9580.0;3
86000;;;OXYGEN_SHAKE_MORNING_BREATH;XIRECS;9468.0;3
86000;;;PANEL_1X2;XIRECS;8586.0;3
86000;;;PANEL_1X4;XIRECS;8420.0;3
86000;;;PANEL_2X2;XIRECS;8818.0;3
86000;;;PANEL_2X4;XIRECS;10964.0;3
86000;;;PANEL_4X4;XIRECS;10818.0;3
86000;;;ROBOT_DISHES;XIRECS;10341.0;3
86000;;;ROBOT_IRONING;XIRECS;7887.0;3
86000;;;ROBOT_LAUNDRY;XIRECS;8860.0;3
86000;;;ROBOT_MOPPING;XIRECS;11903.0;3
86000;;;ROBOT_VACUUMING;XIRECS;8747.0;3
86000;;;SLEEP_POD_COTTON;XIRECS;12859.0;3
86000;;;SLEEP_POD_LAMB_WOOL;XIRECS;10370.0;3
86000;;;SLEEP_POD_NYLON;XIRECS;9916.0;3
86000;;;SLEEP_POD_POLYESTER;XIRECS;12791.0;3
86000;;;SLEEP_POD_SUEDE;XIRECS;12326.0;3
86000;;;SNACKPACK_CHOCOLATE;XIRECS;9838.0;3
86000;;;SNACKPACK_PISTACHIO;XIRECS;9301.0;3
86000;;;SNACKPACK_RASPBERRY;XIRECS;10177.0;3
86000;;;SNACKPACK_STRAWBERRY;XIRECS;10727.0;3
86000;;;SNACKPACK_VANILLA;XIRECS;10042.0;3
86000;;;TRANSLATOR_ASTRO_BLACK;XIRECS;9412.0;3
86000;;;TRANSLATOR_ECLIPSE_CHARCOAL;XIRECS;9828.0;3
86000;;;TRANSLATOR_GRAPHITE_MIST;XIRECS;11300.0;3
86000;;;TRANSLATOR_SPACE_GRAY;XIRECS;9686.0;3
86000;;;TRANSLATOR_VOID_BLUE;XIRECS;10695.0;3
86000;;;UV_VISOR_AMBER;XIRECS;6973.0;3
86000;;;UV_VISOR_MAGENTA;XIRECS;11023.0;3
86000;;;UV_VISOR_ORANGE;XIRECS;10757.0;3
86000;;;UV_VISOR_RED;XIRECS;11527.0;3
86000;;;UV_VISOR_YELLOW;XIRECS;12013.0;3
87300;;;MICROCHIP_CIRCLE;XIRECS;8429.0;1
87300;;;MICROCHIP_OVAL;XIRECS;7045.0;1
87300;;;MICROCHIP_RECTANGLE;XIRECS;7573.0;1
87300;;;MICROCHIP_SQUARE;XIRECS;15772.0;1
87300;;;MICROCHIP_TRIANGLE;XIRECS;9507.0;1
88900;;;PEBBLES_L;XIRECS;10905.0;2
88900;;;PEBBLES_M;XIRECS;11033.0;2
88900;;;PEBBLES_S;XIRECS;8613.0;2
88900;;;PEBBLES_XL;XIRECS;12726.0;2
88900;;;PEBBLES_XS;XIRECS;6689.0;2
91100;;;MICROCHIP_CIRCLE;XIRECS;8444.0;2
91100;;;MICROCHIP_OVAL;XIRECS;7077.0;2
91100;;;MICROCHIP_RECTANGLE;XIRECS;7608.0;2
91100;;;MICROCHIP_SQUARE;XIRECS;15525.0;2
91100;;;MICROCHIP_TRIANGLE;XIRECS;9476.0;2
92100;;;GALAXY_SOUNDS_BLACK_HOLES;XIRECS;11970.0;4
92100;;;GALAXY_SOUNDS_DARK_MATTER;XIRECS;10643.0;4
92100;;;GALAXY_SOUNDS_PLANETARY_RINGS;XIRECS;10740.0;4
92100;;;GALAXY_SOUNDS_SOLAR_FLAMES;XIRECS;10829.0;4
92100;;;GALAXY_SOUNDS_SOLAR_WINDS;XIRECS;10787.0;4
92100;;;OXYGEN_SHAKE_CHOCOLATE;XIRECS;9119.0;4
92100;;;OXYGEN_SHAKE_EVENING_BREATH;XIRECS;9426.0;4
92100;;;OXYGEN_SHAKE_GARLIC;XIRECS;12048.0;4
92100;;;OXYGEN_SHAKE_MINT;XIRECS;9498.0;4
92100;;;OXYGEN_SHAKE_MORNING_BREATH;XIRECS;9496.0;4
92100;;;PANEL_1X2;XIRECS;8588.0;4
92100;;;PANEL_1X4;XIRECS;8314.0;4
92100;;;PANEL_2X2;XIRECS;8810.0;4
92100;;;PANEL_2X4;XIRECS;11008.0;4
92100;;;PANEL_4X4;XIRECS;11035.0;4
92100;;;ROBOT_DISHES;XIRECS;10220.0;4
92100;;;ROBOT_IRONING;XIRECS;7883.0;4
92100;;;ROBOT_LAUNDRY;XIRECS;8897.0;4
92100;;;ROBOT_MOPPING;XIRECS;11939.0;4
92100;;;ROBOT_VACUUMING;XIRECS;8775.0;4
92100;;;SLEEP_POD_COTTON;XIRECS;12711.0;4
92100;;;SLEEP_POD_LAMB_WOOL;XIRECS;10392.0;4
92100;;;SLEEP_POD_NYLON;XIRECS;9873.0;4
92100;;;SLEEP_POD_POLYESTER;XIRECS;12808.0;4
92100;;;SLEEP_POD_SUEDE;XIRECS;12455.0;4
92100;;;SNACKPACK_CHOCOLATE;XIRECS;9886.0;4
92100;;;SNACKPACK_PISTACHIO;XIRECS;9376.0;4
92100;;;SNACKPACK_RASPBERRY;XIRECS;10087.0;4
92100;;;SNACKPACK_STRAWBERRY;XIRECS;10839.0;4
92100;;;SNACKPACK_VANILLA;XIRECS;10026.0;4
92100;;;TRANSLATOR_ASTRO_BLACK;XIRECS;9492.0;4
92100;;;TRANSLATOR_ECLIPSE_CHARCOAL;XIRECS;9892.0;4
92100;;;TRANSLATOR_GRAPHITE_MIST;XIRECS;11374.0;4
92100;;;TRANSLATOR_SPACE_GRAY;XIRECS;9567.0;4
92100;;;TRANSLATOR_VOID_BLUE;XIRECS;10678.0;4
92100;;;UV_VISOR_AMBER;XIRECS;6948.0;4
92100;;;UV_VISOR_MAGENTA;XIRECS;10931.0;4
92100;;;UV_VISOR_ORANGE;XIRECS;10793.0;4
92100;;;UV_VISOR_RED;XIRECS;11585.0;4
92100;;;UV_VISOR_YELLOW;XIRECS;12035.0;4
92400;;;GALAXY_SOUNDS_BLACK_HOLES;XIRECS;11953.0;3
92400;;;GALAXY_SOUNDS_DARK_MATTER;XIRECS;10615.0;3
92400;;;GALAXY_SOUNDS_PLANETARY_RINGS;XIRECS;10717.0;3
92400;;;GALAXY_SOUNDS_SOLAR_FLAMES;XIRECS;10812.0;3
92400;;;GALAXY_SOUNDS_SOLAR_WINDS;XIRECS;10790.0;3
92400;;;OXYGEN_SHAKE_CHOCOLATE;XIRECS;9115.0;3
92400;;;OXYGEN_SHAKE_EVENING_BREATH;XIRECS;9394.0;3
92400;;;OXYGEN_SHAKE_GARLIC;XIRECS;12004.0;3
92400;;;OXYGEN_SHAKE_MINT;XIRECS;9473.0;3
92400;;;OXYGEN_SHAKE_MORNING_BREATH;XIRECS;9479.0;3
92400;;;PANEL_1X2;XIRECS;8583.0;3
92400;;;PANEL_1X4;XIRECS;8300.0;3
92400;;;PANEL_2X2;XIRECS;8784.0;3
92400;;;PANEL_2X4;XIRECS;10999.0;3
92400;;;PANEL_4X4;XIRECS;11028.0;3
92400;;;ROBOT_DISHES;XIRECS;10240.0;3
92400;;;ROBOT_IRONING;XIRECS;7857.0;3
92400;;;ROBOT_LAUNDRY;XIRECS;8868.0;3
92400;;;ROBOT_MOPPING;XIRECS;11909.0;3
92400;;;ROBOT_VACUUMING;XIRECS;8787.0;3
92400;;;SLEEP_POD_COTTON;XIRECS;12718.0;3
92400;;;SLEEP_POD_LAMB_WOOL;XIRECS;10400.0;3
92400;;;SLEEP_POD_NYLON;XIRECS;9868.0;3
92400;;;SLEEP_POD_POLYESTER;XIRECS;12826.0;3
92400;;;SLEEP_POD_SUEDE;XIRECS;12455.0;3
92400;;;SNACKPACK_CHOCOLATE;XIRECS;9880.0;3
92400;;;SNACKPACK_PISTACHIO;XIRECS;9366.0;3
92400;;;SNACKPACK_RASPBERRY;XIRECS;10059.0;3
92400;;;SNACKPACK_STRAWBERRY;XIRECS;10831.0;3
92400;;;SNACKPACK_VANILLA;XIRECS;9999.0;3
92400;;;TRANSLATOR_ASTRO_BLACK;XIRECS;9478.0;3
92400;;;TRANSLATOR_ECLIPSE_CHARCOAL;XIRECS;9902.0;3
92400;;;TRANSLATOR_GRAPHITE_MIST;XIRECS;11339.0;3
92400;;;TRANSLATOR_SPACE_GRAY;XIRECS;9561.0;3
92400;;;TRANSLATOR_VOID_BLUE;XIRECS;10666.0;3
92400;;;UV_VISOR_AMBER;XIRECS;6941.0;3
92400;;;UV_VISOR_MAGENTA;XIRECS;10937.0;3
92400;;;UV_VISOR_ORANGE;XIRECS;10800.0;3
92400;;;UV_VISOR_RED;XIRECS;11548.0;3
92400;;;UV_VISOR_YELLOW;XIRECS;12029.0;3
92600;;;PEBBLES_L;XIRECS;11085.0;5
92600;;;PEBBLES_M;XIRECS;10762.0;5
92600;;;PEBBLES_S;XIRECS;8531.0;5
92600;;;PEBBLES_XL;XIRECS;12934.0;5
92600;;;PEBBLES_XS;XIRECS;6721.0;5
93100;;;GALAXY_SOUNDS_BLACK_HOLES;XIRECS;11968.0;2
93100;;;GALAXY_SOUNDS_DARK_MATTER;XIRECS;10609.0;2
93100;;;GALAXY_SOUNDS_PLANETARY_RINGS;XIRECS;10674.0;2
93100;;;GALAXY_SOUNDS_SOLAR_FLAMES;XIRECS;10863.0;2
93100;;;GALAXY_SOUNDS_SOLAR_WINDS;XIRECS;10816.0;2
93100;;;OXYGEN_SHAKE_CHOCOLATE;XIRECS;9117.0;2
93100;;;OXYGEN_SHAKE_EVENING_BREATH;XIRECS;9384.0;2
93100;;;OXYGEN_SHAKE_GARLIC;XIRECS;12082.0;2
93100;;;OXYGEN_SHAKE_MINT;XIRECS;9430.0;2
93100;;;OXYGEN_SHAKE_MORNING_BREATH;XIRECS;9448.0;2
93100;;;PANEL_1X2;XIRECS;8539.0;2
93100;;;PANEL_1X4;XIRECS;8293.0;2
93100;;;PANEL_2X2;XIRECS;8753.0;2
93100;;;PANEL_2X4;XIRECS;11003.0;2
93100;;;PANEL_4X4;XIRECS;11008.0;2
93100;;;ROBOT_DISHES;XIRECS;10256.0;2
93100;;;ROBOT_IRONING;XIRECS;7887.0;2
93100;;;ROBOT_LAUNDRY;XIRECS;8868.0;2
93100;;;ROBOT_MOPPING;XIRECS;11898.0;2
93100;;;ROBOT_VACUUMING;XIRECS;8773.0;2
93100;;;SLEEP_POD_COTTON;XIRECS;12731.0;2
93100;;;SLEEP_POD_LAMB_WOOL;XIRECS;10367.0;2
93100;;;SLEEP_POD_NYLON;XIRECS;9867.0;2
93100;;;SLEEP_POD_POLYESTER;XIRECS;12859.0;2
93100;;;SLEEP_POD_SUEDE;XIRECS;12432.0;2
93100;;;SNACKPACK_CHOCOLATE;XIRECS;9884.0;2
93100;;;SNACKPACK_PISTACHIO;XIRECS;9374.0;2
93100;;;SNACKPACK_RASPBERRY;XIRECS;10044.0;2
93100;;;SNACKPACK_STRAWBERRY;XIRECS;10843.0;2
93100;;;SNACKPACK_VANILLA;XIRECS;9998.0;2
93100;;;TRANSLATOR_ASTRO_BLACK;XIRECS;9482.0;2
93100;;;TRANSLATOR_ECLIPSE_CHARCOAL;XIRECS;9912.0;2
93100;;;TRANSLATOR_GRAPHITE_MIST;XIRECS;11356.0;2
93100;;;TRANSLATOR_SPACE_GRAY;XIRECS;9563.0;2
93100;;;TRANSLATOR_VOID_BLUE;XIRECS;10703.0;2
93100;;;UV_VISOR_AMBER;XIRECS;6910.0;2
93100;;;UV_VISOR_MAGENTA;XIRECS;10986.0;2
93100;;;UV_VISOR_ORANGE;XIRECS;10785.0;2
93100;;;UV_VISOR_RED;XIRECS;11536.0;2
93100;;;UV_VISOR_YELLOW;XIRECS;11991.0;2
94300;;;MICROCHIP_CIRCLE;XIRECS;8385.0;3
94300;;;MICROCHIP_OVAL;XIRECS;7128.0;3
94300;;;MICROCHIP_RECTANGLE;XIRECS;7604.0;3
94300;;;MICROCHIP_SQUARE;XIRECS;15371.0;3
94300;;;MICROCHIP_TRIANGLE;XIRECS;9503.0;3
94600;;;GALAXY_SOUNDS_BLACK_HOLES;XIRECS;11948.0;4
94600;;;GALAXY_SOUNDS_DARK_MATTER;XIRECS;10552.0;4
94600;;;GALAXY_SOUNDS_PLANETARY_RINGS;XIRECS;10699.0;4
94600;;;GALAXY_SOUNDS_SOLAR_FLAMES;XIRECS;10840.0;4
94600;;;GALAXY_SOUNDS_SOLAR_WINDS;XIRECS;10807.0;4
94600;;;OXYGEN_SHAKE_CHOCOLATE;XIRECS;9158.0;4
94600;;;OXYGEN_SHAKE_EVENING_BREATH;XIRECS;9324.0;4
94600;;;OXYGEN_SHAKE_GARLIC;XIRECS;12136.0;4
94600;;;OXYGEN_SHAKE_MINT;XIRECS;9441.0;4
94600;;;OXYGEN_SHAKE_MORNING_BREATH;XIRECS;9409.0;4
94600;;;PANEL_1X2;XIRECS;8505.0;4
94600;;;PANEL_1X4;XIRECS;8311.0;4
94600;;;PANEL_2X2;XIRECS;8759.0;4
94600;;;PANEL_2X4;XIRECS;11011.0;4
94600;;;PANEL_4X4;XIRECS;10993.0;4
94600;;;ROBOT_DISHES;XIRECS;10308.0;4
94600;;;ROBOT_IRONING;XIRECS;7847.0;4
94600;;;ROBOT_LAUNDRY;XIRECS;8849.0;4
94600;;;ROBOT_MOPPING;XIRECS;11868.0;4
94600;;;ROBOT_VACUUMING;XIRECS;8794.0;4
94600;;;SLEEP_POD_COTTON;XIRECS;12727.0;4
94600;;;SLEEP_POD_LAMB_WOOL;XIRECS;10371.0;4
94600;;;SLEEP_POD_NYLON;XIRECS;9840.0;4
94600;;;SLEEP_POD_POLYESTER;XIRECS;12867.0;4
94600;;;SLEEP_POD_SUEDE;XIRECS;12445.0;4
94600;;;SNACKPACK_CHOCOLATE;XIRECS;9866.0;4
94600;;;SNACKPACK_PISTACHIO;XIRECS;9366.0;4
94600;;;SNACKPACK_RASPBERRY;XIRECS;10059.0;4
94600;;;SNACKPACK_STRAWBERRY;XIRECS;10831.0;4
94600;;;SNACKPACK_VANILLA;XIRECS;10015.0;4
94600;;;TRANSLATOR_ASTRO_BLACK;XIRECS;9486.0;4
94600;;;TRANSLATOR_ECLIPSE_CHARCOAL;XIRECS;9930.0;4
94600;;;TRANSLATOR_GRAPHITE_MIST;XIRECS;11397.0;4
94600;;;TRANSLATOR_SPACE_GRAY;XIRECS;9560.0;4
94600;;;TRANSLATOR_VOID_BLUE;XIRECS;10794.0;4
94600;;;UV_VISOR_AMBER;XIRECS;6922.0;4
94600;;;UV_VISOR_MAGENTA;XIRECS;11059.0;4
94600;;;UV_VISOR_ORANGE;XIRECS;10794.0;4
94600;;;UV_VISOR_RED;XIRECS;11535.0;4
94600;;;UV_VISOR_YELLOW;XIRECS;12092.0;4
95300;;;PEBBLES_L;XIRECS;11001.0;2
95300;;;PEBBLES_M;XIRECS;10800.0;2
95300;;;PEBBLES_S;XIRECS;8475.0;2
95300;;;PEBBLES_XL;XIRECS;12970.0;2
95300;;;PEBBLES_XS;XIRECS;6721.0;2
96100;;;MICROCHIP_CIRCLE;XIRECS;8360.0;2
96100;;;MICROCHIP_OVAL;XIRECS;7045.0;2
96100;;;MICROCHIP_RECTANGLE;XIRECS;7574.0;2
96100;;;MICROCHIP_SQUARE;XIRECS;15360.0;2
96100;;;MICROCHIP_TRIANGLE;XIRECS;9499.0;2
97400;;;MICROCHIP_CIRCLE;XIRECS;8357.0;1
97400;;;MICROCHIP_OVAL;XIRECS;7041.0;1
97400;;;MICROCHIP_RECTANGLE;XIRECS;7614.0;1
97400;;;MICROCHIP_SQUARE;XIRECS;15465.0;1
97400;;;MICROCHIP_TRIANGLE;XIRECS;9452.0;1
99400;;;GALAXY_SOUNDS_BLACK_HOLES;XIRECS;12049.0;3
99400;;;GALAXY_SOUNDS_DARK_MATTER;XIRECS;10479.0;3
99400;;;GALAXY_SOUNDS_PLANETARY_RINGS;XIRECS;10655.0;3
99400;;;GALAXY_SOUNDS_SOLAR_FLAMES;XIRECS;10787.0;3
99400;;;GALAXY_SOUNDS_SOLAR_WINDS;XIRECS;10777.0;3
99400;;;OXYGEN_SHAKE_CHOCOLATE;XIRECS;9286.0;3
99400;;;OXYGEN_SHAKE_EVENING_BREATH;XIRECS;9346.0;3
99400;;;OXYGEN_SHAKE_GARLIC;XIRECS;12148.0;3
99400;;;OXYGEN_SHAKE_MINT;XIRECS;9438.0;3
99400;;;OXYGEN_SHAKE_MORNING_BREATH;XIRECS;9329.0;3
99400;;;PANEL_1X2;XIRECS;8488.0;3
99400;;;PANEL_1X4;XIRECS;8361.0;3
99400;;;PANEL_2X2;XIRECS;8815.0;3
99400;;;PANEL_2X4;XIRECS;11108.0;3
99400;;;PANEL_4X4;XIRECS;11076.0;3
99400;;;ROBOT_DISHES;XIRECS;10176.0;3
99400;;;ROBOT_IRONING;XIRECS;8003.0;3
99400;;;ROBOT_LAUNDRY;XIRECS;8926.0;3
99400;;;ROBOT_MOPPING;XIRECS;11831.0;3
99400;;;ROBOT_VACUUMING;XIRECS;8806.0;3
99400;;;SLEEP_POD_COTTON;XIRECS;12888.0;3
99400;;;SLEEP_POD_LAMB_WOOL;XIRECS;10202.0;3
99400;;;SLEEP_POD_NYLON;XIRECS;9890.0;3
99400;;;SLEEP_POD_POLYESTER;XIRECS;12977.0;3
99400;;;SLEEP_POD_SUEDE;XIRECS;12302.0;3
99400;;;SNACKPACK_CHOCOLATE;XIRECS;9943.0;3
99400;;;SNACKPACK_PISTACHIO;XIRECS;9352.0;3
99400;;;SNACKPACK_RASPBERRY;XIRECS;10142.0;3
99400;;;SNACKPACK_STRAWBERRY;XIRECS;10784.0;3
99400;;;SNACKPACK_VANILLA;XIRECS;9972.0;3
99400;;;TRANSLATOR_ASTRO_BLACK;XIRECS;9513.0;3
99400;;;TRANSLATOR_ECLIPSE_CHARCOAL;XIRECS;9995.0;3
99400;;;TRANSLATOR_GRAPHITE_MIST;XIRECS;11526.0;3
99400;;;TRANSLATOR_SPACE_GRAY;XIRECS;9464.0;3
99400;;;TRANSLATOR_VOID_BLUE;XIRECS;10869.0;3
99400;;;UV_VISOR_AMBER;XIRECS;6951.0;3
99400;;;UV_VISOR_MAGENTA;XIRECS;11211.0;3
99400;;;UV_VISOR_ORANGE;XIRECS;10730.0;3
99400;;;UV_VISOR_RED;XIRECS;11611.0;3
99400;;;UV_VISOR_YELLOW;XIRECS;12017.0;3
101600;;;PEBBLES_L;XIRECS;10969.0;3
101600;;;PEBBLES_M;XIRECS;10894.0;3
101600;;;PEBBLES_S;XIRECS;8434.0;3
101600;;;PEBBLES_XL;XIRECS;13016.0;3
101600;;;PEBBLES_XS;XIRECS;6720.0;3
102200;;;PEBBLES_L;XIRECS;11024.0;3
102200;;;PEBBLES_M;XIRECS;10955.0;3
102200;;;PEBBLES_S;XIRECS;8415.0;3
102200;;;PEBBLES_XL;XIRECS;12949.0;3
102200;;;PEBBLES_XS;XIRECS;6691.0;3
102500;;;GALAXY_SOUNDS_BLACK_HOLES;XIRECS;12025.0;3
102500;;;GALAXY_SOUNDS_DARK_MATTER;XIRECS;10469.0;3
102500;;;GALAXY_SOUNDS_PLANETARY_RINGS;XIRECS;10687.0;3
102500;;;GALAXY_SOUNDS_SOLAR_FLAMES;XIRECS;10742.0;3
102500;;;GALAXY_SOUNDS_SOLAR_WINDS;XIRECS;10748.0;3
102500;;;OXYGEN_SHAKE_CHOCOLATE;XIRECS;9307.0;3
102500;;;OXYGEN_SHAKE_EVENING_BREATH;XIRECS;9296.0;3
102500;;;OXYGEN_SHAKE_GARLIC;XIRECS;12172.0;3
102500;;;OXYGEN_SHAKE_MINT;XIRECS;9432.0;3
102500;;;OXYGEN_SHAKE_MORNING_BREATH;XIRECS;9379.0;3
102500;;;PANEL_1X2;XIRECS;8499.0;3
102500;;;PANEL_1X4;XIRECS;8374.0;3
102500;;;PANEL_2X2;XIRECS;8793.0;3
102500;;;PANEL_2X4;XIRECS;11108.0;3
102500;;;PANEL_4X4;XIRECS;11077.0;3
102500;;;ROBOT_DISHES;XIRECS;10187.0;3
102500;;;ROBOT_IRONING;XIRECS;8053.0;3
102500;;;ROBOT_LAUNDRY;XIRECS;8979.0;3
102500;;;ROBOT_MOPPING;XIRECS;11752.0;3
102500;;;ROBOT_VACUUMING;XIRECS;8881.0;3
102500;;;SLEEP_POD_COTTON;XIRECS;12946.0;3
102500;;;SLEEP_POD_LAMB_WOOL;XIRECS;10240.0;3
102500;;;SLEEP_POD_NYLON;XIRECS;9875.0;3
102500;;;SLEEP_POD_POLYESTER;XIRECS;12943.0;3
102500;;;SLEEP_POD_SUEDE;XIRECS;12278.0;3
102500;;;SNACKPACK_CHOCOLATE;XIRECS;9898.0;3
102500;;;SNACKPACK_PISTACHIO;XIRECS;9377.0;3
102500;;;SNACKPACK_RASPBERRY;XIRECS;10105.0;3
102500;;;SNACKPACK_STRAWBERRY;XIRECS;10817.0;3
102500;;;SNACKPACK_VANILLA;XIRECS;10017.0;3
102500;;;TRANSLATOR_ASTRO_BLACK;XIRECS;9606.0;3
102500;;;TRANSLATOR_ECLIPSE_CHARCOAL;XIRECS;10035.0;3
102500;;;TRANSLATOR_GRAPHITE_MIST;XIRECS;11376.0;3
102500;;;TRANSLATOR_SPACE_GRAY;XIRECS;9500.0;3
102500;;;TRANSLATOR_VOID_BLUE;XIRECS;10924.0;3
102500;;;UV_VISOR_AMBER;XIRECS;6915.0;3
102500;;;UV_VISOR_MAGENTA;XIRECS;11199.0;3
102500;;;UV_VISOR_ORANGE;XIRECS;10836.0;3
102500;;;UV_VISOR_RED;XIRECS;11552.0;3
102500;;;UV_VISOR_YELLOW;XIRECS;11966.0;3
108500;;;GALAXY_SOUNDS_BLACK_HOLES;XIRECS;12117.0;1
108500;;;GALAXY_SOUNDS_DARK_MATTER;XIRECS;10555.0;1
108500;;;GALAXY_SOUNDS_PLANETARY_RINGS;XIRECS;10586.0;1
108500;;;GALAXY_SOUNDS_SOLAR_FLAMES;XIRECS;10613.0;1
108500;;;GALAXY_SOUNDS_SOLAR_WINDS;XIRECS;10776.0;1
108500;;;OXYGEN_SHAKE_CHOCOLATE;XIRECS;9294.0;1
108500;;;OXYGEN_SHAKE_EVENING_BREATH;XIRECS;9316.0;1
108500;;;OXYGEN_SHAKE_GARLIC;XIRECS;11964.0;1
108500;;;OXYGEN_SHAKE_MINT;XIRECS;9505.0;1
108500;;;OXYGEN_SHAKE_MORNING_BREATH;XIRECS;9433.0;1
108500;;;PANEL_1X2;XIRECS;8487.0;1
108500;;;PANEL_1X4;XIRECS;8527.0;1
108500;;;PANEL_2X2;XIRECS;8766.0;1
108500;;;PANEL_2X4;XIRECS;11202.0;1
108500;;;PANEL_4X4;XIRECS;10999.0;1
108500;;;ROBOT_DISHES;XIRECS;10203.0;1
108500;;;ROBOT_IRONING;XIRECS;8173.0;1
108500;;;ROBOT_LAUNDRY;XIRECS;8858.0;1
108500;;;ROBOT_MOPPING;XIRECS;11715.0;1
108500;;;ROBOT_VACUUMING;XIRECS;8833.0;1
108500;;;SLEEP_POD_COTTON;XIRECS;13012.0;1
108500;;;SLEEP_POD_LAMB_WOOL;XIRECS;10363.0;1
108500;;;SLEEP_POD_NYLON;XIRECS;9766.0;1
108500;;;SLEEP_POD_POLYESTER;XIRECS;12945.0;1
108500;;;SLEEP_POD_SUEDE;XIRECS;12288.0;1
108500;;;SNACKPACK_CHOCOLATE;XIRECS;9908.0;1
108500;;;SNACKPACK_PISTACHIO;XIRECS;9400.0;1
108500;;;SNACKPACK_RASPBERRY;XIRECS;10028.0;1
108500;;;SNACKPACK_STRAWBERRY;XIRECS;10893.0;1
108500;;;SNACKPACK_VANILLA;XIRECS;9995.0;1
108500;;;TRANSLATOR_ASTRO_BLACK;XIRECS;9493.0;1
108500;;;TRANSLATOR_ECLIPSE_CHARCOAL;XIRECS;10162.0;1
108500;;;TRANSLATOR_GRAPHITE_MIST;XIRECS;11376.0;1
108500;;;TRANSLATOR_SPACE_GRAY;XIRECS;9616.0;1
108500;;;TRANSLATOR_VOID_BLUE;XIRECS;10888.0;1
108500;;;UV_VISOR_AMBER;XIRECS;6892.0;1
108500;;;UV_VISOR_MAGENTA;XIRECS;11364.0;1
108500;;;UV_VISOR_ORANGE;XIRECS;10854.0;1
108500;;;UV_VISOR_RED;XIRECS;11585.0;1
108500;;;UV_VISOR_YELLOW;XIRECS;11798.0;1
109300;;;GALAXY_SOUNDS_BLACK_HOLES;XIRECS;12104.0;2
109300;;;GALAXY_SOUNDS_DARK_MATTER;XIRECS;10534.0;2
109300;;;GALAXY_SOUNDS_PLANETARY_RINGS;XIRECS;10596.0;2
109300;;;GALAXY_SOUNDS_SOLAR_FLAMES;XIRECS;10598.0;2
109300;;;GALAXY_SOUNDS_SOLAR_WINDS;XIRECS;10766.0;2
109300;;;OXYGEN_SHAKE_CHOCOLATE;XIRECS;9291.0;2
109300;;;OXYGEN_SHAKE_EVENING_BREATH;XIRECS;9264.0;2
109300;;;OXYGEN_SHAKE_GARLIC;XIRECS;12042.0;2
109300;;;OXYGEN_SHAKE_MINT;XIRECS;9478.0;2
109300;;;OXYGEN_SHAKE_MORNING_BREATH;XIRECS;9394.0;2
109300;;;PANEL_1X2;XIRECS;8509.0;2
109300;;;PANEL_1X4;XIRECS;8550.0;2
109300;;;PANEL_2X2;XIRECS;8777.0;2
109300;;;PANEL_2X4;XIRECS;11240.0;2
109300;;;PANEL_4X4;XIRECS;10967.0;2
109300;;;ROBOT_DISHES;XIRECS;10172.0;2
109300;;;ROBOT_IRONING;XIRECS;8197.0;2
109300;;;ROBOT_LAUNDRY;XIRECS;8832.0;2
109300;;;ROBOT_MOPPING;XIRECS;11718.0;2
109300;;;ROBOT_VACUUMING;XIRECS;8840.0;2
109300;;;SLEEP_POD_COTTON;XIRECS;12990.0;2
109300;;;SLEEP_POD_LAMB_WOOL;XIRECS;10387.0;2
109300;;;SLEEP_POD_NYLON;XIRECS;9767.0;2
109300;;;SLEEP_POD_POLYESTER;XIRECS;12955.0;2
109300;;;SLEEP_POD_SUEDE;XIRECS;12302.0;2
109300;;;SNACKPACK_CHOCOLATE;XIRECS;9894.0;2
109300;;;SNACKPACK_PISTACHIO;XIRECS;9385.0;2
109300;;;SNACKPACK_RASPBERRY;XIRECS;10004.0;2
109300;;;SNACKPACK_STRAWBERRY;XIRECS;10878.0;2
109300;;;SNACKPACK_VANILLA;XIRECS;9974.0;2
109300;;;TRANSLATOR_ASTRO_BLACK;XIRECS;9519.0;2
109300;;;TRANSLATOR_ECLIPSE_CHARCOAL;XIRECS;10155.0;2
109300;;;TRANSLATOR_GRAPHITE_MIST;XIRECS;11309.0;2
109300;;;TRANSLATOR_SPACE_GRAY;XIRECS;9661.0;2
109300;;;TRANSLATOR_VOID_BLUE;XIRECS;10942.0;2
109300;;;UV_VISOR_AMBER;XIRECS;6887.0;2
109300;;;UV_VISOR_MAGENTA;XIRECS;11351.0;2
109300;;;UV_VISOR_ORANGE;XIRECS;10847.0;2
109300;;;UV_VISOR_RED;XIRECS;11673.0;2
109300;;;UV_VISOR_YELLOW;XIRECS;11783.0;2
109600;;;GALAXY_SOUNDS_BLACK_HOLES;XIRECS;12106.0;4
109600;;;GALAXY_SOUNDS_DARK_MATTER;XIRECS;10537.0;4
109600;;;GALAXY_SOUNDS_PLANETARY_RINGS;XIRECS;10581.0;4
109600;;;GALAXY_SOUNDS_SOLAR_FLAMES;XIRECS;10602.0;4
109600;;;GALAXY_SOUNDS_SOLAR_WINDS;XIRECS;10775.0;4
109600;;;OXYGEN_SHAKE_CHOCOLATE;XIRECS;9285.0;4
109600;;;OXYGEN_SHAKE_EVENING_BREATH;XIRECS;9246.0;4
109600;;;OXYGEN_SHAKE_GARLIC;XIRECS;12050.0;4
109600;;;OXYGEN_SHAKE_MINT;XIRECS;9507.0;4
109600;;;OXYGEN_SHAKE_MORNING_BREATH;XIRECS;9407.0;4
109600;;;PANEL_1X2;XIRECS;8526.0;4
109600;;;PANEL_1X4;XIRECS;8558.0;4
109600;;;PANEL_2X2;XIRECS;8769.0;4
109600;;;PANEL_2X4;XIRECS;11236.0;4
109600;;;PANEL_4X4;XIRECS;10969.0;4
109600;;;PEBBLES_L;XIRECS;11092.0;4
109600;;;PEBBLES_M;XIRECS;11220.0;4
109600;;;PEBBLES_S;XIRECS;8490.0;4
109600;;;PEBBLES_XL;XIRECS;12729.0;4
109600;;;PEBBLES_XS;XIRECS;6502.0;4
109600;;;ROBOT_DISHES;XIRECS;10194.0;4
109600;;;ROBOT_IRONING;XIRECS;8193.0;4
109600;;;ROBOT_LAUNDRY;XIRECS;8840.0;4
109600;;;ROBOT_MOPPING;XIRECS;11734.0;4
109600;;;ROBOT_VACUUMING;XIRECS;8823.0;4
109600;;;SLEEP_POD_COTTON;XIRECS;12999.0;4
109600;;;SLEEP_POD_LAMB_WOOL;XIRECS;10401.0;4
109600;;;SLEEP_POD_NYLON;XIRECS;9771.0;4
109600;;;SLEEP_POD_POLYESTER;XIRECS;12982.0;4
109600;;;SLEEP_POD_SUEDE;XIRECS;12318.0;4
109600;;;SNACKPACK_CHOCOLATE;XIRECS;9905.0;4
109600;;;SNACKPACK_PISTACHIO;XIRECS;9402.0;4
109600;;;SNACKPACK_RASPBERRY;XIRECS;10029.0;4
109600;;;SNACKPACK_STRAWBERRY;XIRECS;10895.0;4
109600;;;SNACKPACK_VANILLA;XIRECS;9998.0;4
109600;;;TRANSLATOR_ASTRO_BLACK;XIRECS;9504.0;4
109600;;;TRANSLATOR_ECLIPSE_CHARCOAL;XIRECS;10156.0;4
109600;;;TRANSLATOR_GRAPHITE_MIST;XIRECS;11343.0;4
109600;;;TRANSLATOR_SPACE_GRAY;XIRECS;9660.0;4
109600;;;TRANSLATOR_VOID_BLUE;XIRECS;10911.0;4
109600;;;UV_VISOR_AMBER;XIRECS;6896.0;4
109600;;;UV_VISOR_MAGENTA;XIRECS;11346.0;4
109600;;;UV_VISOR_ORANGE;XIRECS;10856.0;4
109600;;;UV_VISOR_RED;XIRECS;11704.0;4
109600;;;UV_VISOR_YELLOW;XIRECS;11763.0;4
112900;;;GALAXY_SOUNDS_BLACK_HOLES;XIRECS;12194.0;3
112900;;;GALAXY_SOUNDS_DARK_MATTER;XIRECS;10555.0;3
112900;;;GALAXY_SOUNDS_PLANETARY_RINGS;XIRECS;10563.0;3
112900;;;GALAXY_SOUNDS_SOLAR_FLAMES;XIRECS;10563.0;3
112900;;;GALAXY_SOUNDS_SOLAR_WINDS;XIRECS;10803.0;3
112900;;;OXYGEN_SHAKE_CHOCOLATE;XIRECS;9337.0;3
112900;;;OXYGEN_SHAKE_EVENING_BREATH;XIRECS;9136.0;3
112900;;;OXYGEN_SHAKE_GARLIC;XIRECS;12022.0;3
112900;;;OXYGEN_SHAKE_MINT;XIRECS;9514.0;3
112900;;;OXYGEN_SHAKE_MORNING_BREATH;XIRECS;9351.0;3
112900;;;PANEL_1X2;XIRECS;8514.0;3
112900;;;PANEL_1X4;XIRECS;8620.0;3
112900;;;PANEL_2X2;XIRECS;8703.0;3
112900;;;PANEL_2X4;XIRECS;11125.0;3
112900;;;PANEL_4X4;XIRECS;10897.0;3
112900;;;ROBOT_DISHES;XIRECS;10204.0;3
112900;;;ROBOT_IRONING;XIRECS;8233.0;3
112900;;;ROBOT_LAUNDRY;XIRECS;8871.0;3
112900;;;ROBOT_MOPPING;XIRECS;11786.0;3
112900;;;ROBOT_VACUUMING;XIRECS;8772.0;3
112900;;;SLEEP_POD_COTTON;XIRECS;13019.0;3
112900;;;SLEEP_POD_LAMB_WOOL;XIRECS;10397.0;3
112900;;;SLEEP_POD_NYLON;XIRECS;9777.0;3
112900;;;SLEEP_POD_POLYESTER;XIRECS;13004.0;3
112900;;;SLEEP_POD_SUEDE;XIRECS;12530.0;3
112900;;;SNACKPACK_CHOCOLATE;XIRECS;9910.0;3
112900;;;SNACKPACK_PISTACHIO;XIRECS;9403.0;3
112900;;;SNACKPACK_RASPBERRY;XIRECS;10007.0;3
112900;;;SNACKPACK_STRAWBERRY;XIRECS;10913.0;3
112900;;;SNACKPACK_VANILLA;XIRECS;9982.0;3
112900;;;TRANSLATOR_ASTRO_BLACK;XIRECS;9533.0;3
112900;;;TRANSLATOR_ECLIPSE_CHARCOAL;XIRECS;10172.0;3
112900;;;TRANSLATOR_GRAPHITE_MIST;XIRECS;11386.0;3
112900;;;TRANSLATOR_SPACE_GRAY;XIRECS;9663.0;3
112900;;;TRANSLATOR_VOID_BLUE;XIRECS;10866.0;3
112900;;;UV_VISOR_AMBER;XIRECS;6864.0;3
112900;;;UV_VISOR_MAGENTA;XIRECS;11371.0;3
112900;;;UV_VISOR_ORANGE;XIRECS;10900.0;3
112900;;;UV_VISOR_RED;XIRECS;11630.0;3
112900;;;UV_VISOR_YELLOW;XIRECS;11757.0;3
113600;;;PEBBLES_L;XIRECS;11068.0;2
113600;;;PEBBLES_M;XIRECS;11166.0;2
113600;;;PEBBLES_S;XIRECS;8330.0;2
113600;;;PEBBLES_XL;XIRECS;12930.0;2
113600;;;PEBBLES_XS;XIRECS;6474.0;2
114000;;;GALAXY_SOUNDS_BLACK_HOLES;XIRECS;12111.0;4
114000;;;GALAXY_SOUNDS_DARK_MATTER;XIRECS;10560.0;4
114000;;;GALAXY_SOUNDS_PLANETARY_RINGS;XIRECS;10569.0;4
114000;;;GALAXY_SOUNDS_SOLAR_FLAMES;XIRECS;10589.0;4
114000;;;GALAXY_SOUNDS_SOLAR_WINDS;XIRECS;10816.0;4
114000;;;OXYGEN_SHAKE_CHOCOLATE;XIRECS;9303.0;4
114000;;;OXYGEN_SHAKE_EVENING_BREATH;XIRECS;9114.0;4
114000;;;OXYGEN_SHAKE_GARLIC;XIRECS;11996.0;4
114000;;;OXYGEN_SHAKE_MINT;XIRECS;9477.0;4
114000;;;OXYGEN_SHAKE_MORNING_BREATH;XIRECS;9377.0;4
114000;;;PANEL_1X2;XIRECS;8487.0;4
114000;;;PANEL_1X4;XIRECS;8589.0;4
114000;;;PANEL_2X2;XIRECS;8688.0;4
114000;;;PANEL_2X4;XIRECS;11075.0;4
114000;;;PANEL_4X4;XIRECS;10918.0;4
114000;;;ROBOT_DISHES;XIRECS;10196.0;4
114000;;;ROBOT_IRONING;XIRECS;8237.0;4
114000;;;ROBOT_LAUNDRY;XIRECS;8868.0;4
114000;;;ROBOT_MOPPING;XIRECS;11774.0;4
114000;;;ROBOT_VACUUMING;XIRECS;8758.0;4
114000;;;SLEEP_POD_COTTON;XIRECS;12944.0;4
114000;;;SLEEP_POD_LAMB_WOOL;XIRECS;10402.0;4
114000;;;SLEEP_POD_NYLON;XIRECS;9802.0;4
114000;;;SLEEP_POD_POLYESTER;XIRECS;12969.0;4
114000;;;SLEEP_POD_SUEDE;XIRECS;12536.0;4
114000;;;SNACKPACK_CHOCOLATE;XIRECS;9914.0;4
114000;;;SNACKPACK_PISTACHIO;XIRECS;9370.0;4
114000;;;SNACKPACK_RASPBERRY;XIRECS;10015.0;4
114000;;;SNACKPACK_STRAWBERRY;XIRECS;10875.0;4
114000;;;SNACKPACK_VANILLA;XIRECS;9945.0;4
114000;;;TRANSLATOR_ASTRO_BLACK;XIRECS;9489.0;4
114000;;;TRANSLATOR_ECLIPSE_CHARCOAL;XIRECS;10224.0;4
114000;;;TRANSLATOR_GRAPHITE_MIST;XIRECS;11367.0;4
114000;;;TRANSLATOR_SPACE_GRAY;XIRECS;9662.0;4
114000;;;TRANSLATOR_VOID_BLUE;XIRECS;10822.0;4
114000;;;UV_VISOR_AMBER;XIRECS;6878.0;4
114000;;;UV_VISOR_MAGENTA;XIRECS;11372.0;4
114000;;;UV_VISOR_ORANGE;XIRECS;10914.0;4
114000;;;UV_VISOR_RED;XIRECS;11599.0;4
114000;;;UV_VISOR_YELLOW;XIRECS;11732.0;4
114300;;;PEBBLES_L;XIRECS;11121.0;5
114300;;;PEBBLES_M;XIRECS;11164.0;5
114300;;;PEBBLES_S;XIRECS;8326.0;5
114300;;;PEBBLES_XL;XIRECS;13069.0;5
114300;;;PEBBLES_XS;XIRECS;6352.0;5
115300;;;GALAXY_SOUNDS_BLACK_HOLES;XIRECS;12063.0;1
115300;;;GALAXY_SOUNDS_DARK_MATTER;XIRECS;10551.0;1
115300;;;GALAXY_SOUNDS_PLANETARY_RINGS;XIRECS;10584.0;1
115300;;;GALAXY_SOUNDS_SOLAR_FLAMES;XIRECS;10557.0;1
115300;;;GALAXY_SOUNDS_SOLAR_WINDS;XIRECS;10803.0;1
115300;;;OXYGEN_SHAKE_CHOCOLATE;XIRECS;9317.0;1
115300;;;OXYGEN_SHAKE_EVENING_BREATH;XIRECS;9066.0;1
115300;;;OXYGEN_SHAKE_GARLIC;XIRECS;12010.0;1
115300;;;OXYGEN_SHAKE_MINT;XIRECS;9455.0;1
115300;;;OXYGEN_SHAKE_MORNING_BREATH;XIRECS;9402.0;1
115300;;;PANEL_1X2;XIRECS;8501.0;1
115300;;;PANEL_1X4;XIRECS;8570.0;1
115300;;;PANEL_2X2;XIRECS;8684.0;1
115300;;;PANEL_2X4;XIRECS;11055.0;1
115300;;;PANEL_4X4;XIRECS;10951.0;1
115300;;;ROBOT_DISHES;XIRECS;10304.0;1
115300;;;ROBOT_IRONING;XIRECS;8233.0;1
115300;;;ROBOT_LAUNDRY;XIRECS;8860.0;1
115300;;;ROBOT_MOPPING;XIRECS;11768.0;1
115300;;;ROBOT_VACUUMING;XIRECS;8758.0;1
115300;;;SLEEP_POD_COTTON;XIRECS;12987.0;1
115300;;;SLEEP_POD_LAMB_WOOL;XIRECS;10407.0;1
115300;;;SLEEP_POD_NYLON;XIRECS;9778.0;1
115300;;;SLEEP_POD_POLYESTER;XIRECS;12936.0;1
115300;;;SLEEP_POD_SUEDE;XIRECS;12521.0;1
115300;;;SNACKPACK_CHOCOLATE;XIRECS;9909.0;1
115300;;;SNACKPACK_PISTACHIO;XIRECS;9388.0;1
115300;;;SNACKPACK_RASPBERRY;XIRECS;10027.0;1
115300;;;SNACKPACK_STRAWBERRY;XIRECS;10891.0;1
115300;;;SNACKPACK_VANILLA;XIRECS;9981.0;1
115300;;;TRANSLATOR_ASTRO_BLACK;XIRECS;9454.0;1
115300;;;TRANSLATOR_ECLIPSE_CHARCOAL;XIRECS;10233.0;1
115300;;;TRANSLATOR_GRAPHITE_MIST;XIRECS;11340.0;1
115300;;;TRANSLATOR_SPACE_GRAY;XIRECS;9660.0;1
115300;;;TRANSLATOR_VOID_BLUE;XIRECS;10800.0;1
115300;;;UV_VISOR_AMBER;XIRECS;6927.0;1
115300;;;UV_VISOR_MAGENTA;XIRECS;11394.0;1
115300;;;UV_VISOR_ORANGE;XIRECS;10903.0;1
115300;;;UV_VISOR_RED;XIRECS;11595.0;1
115300;;;UV_VISOR_YELLOW;XIRECS;11764.0;1
117000;;;GALAXY_SOUNDS_BLACK_HOLES;XIRECS;12056.0;2
117000;;;GALAXY_SOUNDS_DARK_MATTER;XIRECS;10504.0;2
117000;;;GALAXY_SOUNDS_PLANETARY_RINGS;XIRECS;10634.0;2
117000;;;GALAXY_SOUNDS_SOLAR_FLAMES;XIRECS;10485.0;2
117000;;;GALAXY_SOUNDS_SOLAR_WINDS;XIRECS;10835.0;2
117000;;;OXYGEN_SHAKE_CHOCOLATE;XIRECS;9356.0;2
117000;;;OXYGEN_SHAKE_EVENING_BREATH;XIRECS;9124.0;2
117000;;;OXYGEN_SHAKE_GARLIC;XIRECS;12023.0;2
117000;;;OXYGEN_SHAKE_MINT;XIRECS;9420.0;2
117000;;;OXYGEN_SHAKE_MORNING_BREATH;XIRECS;9410.0;2
117000;;;PANEL_1X2;XIRECS;8363.0;2
117000;;;PANEL_1X4;XIRECS;8519.0;2
117000;;;PANEL_2X2;XIRECS;8700.0;2
117000;;;PANEL_2X4;XIRECS;10982.0;2
117000;;;PANEL_4X4;XIRECS;10943.0;2
117000;;;ROBOT_DISHES;XIRECS;10296.0;2
117000;;;ROBOT_IRONING;XIRECS;8257.0;2
117000;;;ROBOT_LAUNDRY;XIRECS;8893.0;2
117000;;;ROBOT_MOPPING;XIRECS;11777.0;2
117000;;;ROBOT_VACUUMING;XIRECS;8688.0;2
117000;;;SLEEP_POD_COTTON;XIRECS;12887.0;2
117000;;;SLEEP_POD_LAMB_WOOL;XIRECS;10418.0;2
117000;;;SLEEP_POD_NYLON;XIRECS;9726.0;2
117000;;;SLEEP_POD_POLYESTER;XIRECS;12908.0;2
117000;;;SLEEP_POD_SUEDE;XIRECS;12510.0;2
117000;;;SNACKPACK_CHOCOLATE;XIRECS;9917.0;2
117000;;;SNACKPACK_PISTACHIO;XIRECS;9335.0;2
117000;;;SNACKPACK_RASPBERRY;XIRECS;10055.0;2
117000;;;SNACKPACK_STRAWBERRY;XIRECS;10827.0;2
117000;;;SNACKPACK_VANILLA;XIRECS;9932.0;2
117000;;;TRANSLATOR_ASTRO_BLACK;XIRECS;9426.0;2
117000;;;TRANSLATOR_ECLIPSE_CHARCOAL;XIRECS;10200.0;2
117000;;;TRANSLATOR_GRAPHITE_MIST;XIRECS;11359.0;2
117000;;;TRANSLATOR_SPACE_GRAY;XIRECS;9693.0;2
117000;;;TRANSLATOR_VOID_BLUE;XIRECS;10802.0;2
117000;;;UV_VISOR_AMBER;XIRECS;6884.0;2
117000;;;UV_VISOR_MAGENTA;XIRECS;11410.0;2
117000;;;UV_VISOR_ORANGE;XIRECS;10894.0;2
117000;;;UV_VISOR_RED;XIRECS;11653.0;2
117000;;;UV_VISOR_YELLOW;XIRECS;11662.0;2
122800;;;PEBBLES_L;XIRECS;10910.0;3
122800;;;PEBBLES_M;XIRECS;11151.0;3
122800;;;PEBBLES_S;XIRECS;8171.0;3
122800;;;PEBBLES_XL;XIRECS;13312.0;3
122800;;;PEBBLES_XS;XIRECS;6424.0;3
123900;;;GALAXY_SOUNDS_BLACK_HOLES;XIRECS;12185.0;1
123900;;;GALAXY_SOUNDS_DARK_MATTER;XIRECS;10378.0;1
123900;;;GALAXY_SOUNDS_PLANETARY_RINGS;XIRECS;10580.0;1
123900;;;GALAXY_SOUNDS_SOLAR_FLAMES;XIRECS;10500.0;1
123900;;;GALAXY_SOUNDS_SOLAR_WINDS;XIRECS;10854.0;1
123900;;;OXYGEN_SHAKE_CHOCOLATE;XIRECS;9416.0;1
123900;;;OXYGEN_SHAKE_EVENING_BREATH;XIRECS;9096.0;1
123900;;;OXYGEN_SHAKE_GARLIC;XIRECS;12231.0;1
123900;;;OXYGEN_SHAKE_MINT;XIRECS;9375.0;1
123900;;;OXYGEN_SHAKE_MORNING_BREATH;XIRECS;9459.0;1
123900;;;PANEL_1X2;XIRECS;8364.0;1
123900;;;PANEL_1X4;XIRECS;8528.0;1
123900;;;PANEL_2X2;XIRECS;8653.0;1
123900;;;PANEL_2X4;XIRECS;11061.0;1
123900;;;PANEL_4X4;XIRECS;10842.0;1
123900;;;ROBOT_DISHES;XIRECS;10204.0;1
123900;;;ROBOT_IRONING;XIRECS;8203.0;1
123900;;;ROBOT_LAUNDRY;XIRECS;8950.0;1
123900;;;ROBOT_MOPPING;XIRECS;11917.0;1
123900;;;ROBOT_VACUUMING;XIRECS;8668.0;1
123900;;;SLEEP_POD_COTTON;XIRECS;12737.0;1
123900;;;SLEEP_POD_LAMB_WOOL;XIRECS;10327.0;1
123900;;;SLEEP_POD_NYLON;XIRECS;9648.0;1
123900;;;SLEEP_POD_POLYESTER;XIRECS;12910.0;1
123900;;;SLEEP_POD_SUEDE;XIRECS;12442.0;1
123900;;;SNACKPACK_CHOCOLATE;XIRECS;9950.0;1
123900;;;SNACKPACK_PISTACHIO;XIRECS;9328.0;1
123900;;;SNACKPACK_RASPBERRY;XIRECS;10011.0;1
123900;;;SNACKPACK_STRAWBERRY;XIRECS;10874.0;1
123900;;;SNACKPACK_VANILLA;XIRECS;9918.0;1
123900;;;TRANSLATOR_ASTRO_BLACK;XIRECS;9346.0;1
123900;;;TRANSLATOR_ECLIPSE_CHARCOAL;XIRECS;10189.0;1
123900;;;TRANSLATOR_GRAPHITE_MIST;XIRECS;11409.0;1
123900;;;TRANSLATOR_SPACE_GRAY;XIRECS;9624.0;1
123900;;;TRANSLATOR_VOID_BLUE;XIRECS;10837.0;1
123900;;;UV_VISOR_AMBER;XIRECS;6843.0;1
123900;;;UV_VISOR_MAGENTA;XIRECS;11526.0;1
123900;;;UV_VISOR_ORANGE;XIRECS;10921.0;1
123900;;;UV_VISOR_RED;XIRECS;11764.0;1
123900;;;UV_VISOR_YELLOW;XIRECS;11604.0;1
124300;;;MICROCHIP_CIRCLE;XIRECS;8565.0;3
124300;;;MICROCHIP_OVAL;XIRECS;6777.0;3
124300;;;MICROCHIP_RECTANGLE;XIRECS;7687.0;3
124300;;;MICROCHIP_SQUARE;XIRECS;14708.0;3
124300;;;MICROCHIP_TRIANGLE;XIRECS;9128.0;3
128700;;;GALAXY_SOUNDS_BLACK_HOLES;XIRECS;12170.0;4
128700;;;GALAXY_SOUNDS_DARK_MATTER;XIRECS;10343.0;4
128700;;;GALAXY_SOUNDS_PLANETARY_RINGS;XIRECS;10562.0;4
128700;;;GALAXY_SOUNDS_SOLAR_FLAMES;XIRECS;10480.0;4
128700;;;GALAXY_SOUNDS_SOLAR_WINDS;XIRECS;10889.0;4
128700;;;OXYGEN_SHAKE_CHOCOLATE;XIRECS;9487.0;4
128700;;;OXYGEN_SHAKE_EVENING_BREATH;XIRECS;9124.0;4
128700;;;OXYGEN_SHAKE_GARLIC;XIRECS;12270.0;4
128700;;;OXYGEN_SHAKE_MINT;XIRECS;9306.0;4
128700;;;OXYGEN_SHAKE_MORNING_BREATH;XIRECS;9460.0;4
128700;;;PANEL_1X2;XIRECS;8412.0;4
128700;;;PANEL_1X4;XIRECS;8497.0;4
128700;;;PANEL_2X2;XIRECS;8635.0;4
128700;;;PANEL_2X4;XIRECS;11120.0;4
128700;;;PANEL_4X4;XIRECS;10835.0;4
128700;;;ROBOT_DISHES;XIRECS;10196.0;4
128700;;;ROBOT_IRONING;XIRECS;8157.0;4
128700;;;ROBOT_LAUNDRY;XIRECS;8970.0;4
128700;;;ROBOT_MOPPING;XIRECS;11834.0;4
128700;;;ROBOT_VACUUMING;XIRECS;8645.0;4
128700;;;SLEEP_POD_COTTON;XIRECS;12728.0;4
128700;;;SLEEP_POD_LAMB_WOOL;XIRECS;10311.0;4
128700;;;SLEEP_POD_NYLON;XIRECS;9738.0;4
128700;;;SLEEP_POD_POLYESTER;XIRECS;12939.0;4
128700;;;SLEEP_POD_SUEDE;XIRECS;12312.0;4
128700;;;SNACKPACK_CHOCOLATE;XIRECS;9970.0;4
128700;;;SNACKPACK_PISTACHIO;XIRECS;9342.0;4
128700;;;SNACKPACK_RASPBERRY;XIRECS;9977.0;4
128700;;;SNACKPACK_STRAWBERRY;XIRECS;10883.0;4
128700;;;SNACKPACK_VANILLA;XIRECS;9873.0;4
128700;;;TRANSLATOR_ASTRO_BLACK;XIRECS;9340.0;4
128700;;;TRANSLATOR_ECLIPSE_CHARCOAL;XIRECS;10072.0;4
128700;;;TRANSLATOR_GRAPHITE_MIST;XIRECS;11358.0;4
128700;;;TRANSLATOR_SPACE_GRAY;XIRECS;9564.0;4
128700;;;TRANSLATOR_VOID_BLUE;XIRECS;10953.0;4
128700;;;UV_VISOR_AMBER;XIRECS;6857.0;4
128700;;;UV_VISOR_MAGENTA;XIRECS;11635.0;4
128700;;;UV_VISOR_ORANGE;XIRECS;10902.0;4
128700;;;UV_VISOR_RED;XIRECS;11769.0;4
128700;;;UV_VISOR_YELLOW;XIRECS;11569.0;4
129400;;;PEBBLES_L;XIRECS;11016.0;2
129400;;;PEBBLES_M;XIRECS;11336.0;2
129400;;;PEBBLES_S;XIRECS;8033.0;2
129400;;;PEBBLES_XL;XIRECS;13195.0;2
129400;;;PEBBLES_XS;XIRECS;6453.0;2
130200;;;GALAXY_SOUNDS_BLACK_HOLES;XIRECS;12183.0;2
130200;;;GALAXY_SOUNDS_DARK_MATTER;XIRECS;10334.0;2
130200;;;GALAXY_SOUNDS_PLANETARY_RINGS;XIRECS;10593.0;2
130200;;;GALAXY_SOUNDS_SOLAR_FLAMES;XIRECS;10507.0;2
130200;;;GALAXY_SOUNDS_SOLAR_WINDS;XIRECS;10920.0;2
130200;;;OXYGEN_SHAKE_CHOCOLATE;XIRECS;9536.0;2
130200;;;OXYGEN_SHAKE_EVENING_BREATH;XIRECS;9160.0;2
130200;;;OXYGEN_SHAKE_GARLIC;XIRECS;12256.0;2
130200;;;OXYGEN_SHAKE_MINT;XIRECS;9311.0;2
130200;;;OXYGEN_SHAKE_MORNING_BREATH;XIRECS;9512.0;2
130200;;;PANEL_1X2;XIRECS;8411.0;2
130200;;;PANEL_1X4;XIRECS;8518.0;2
130200;;;PANEL_2X2;XIRECS;8618.0;2
130200;;;PANEL_2X4;XIRECS;11224.0;2
130200;;;PANEL_4X4;XIRECS;10847.0;2
130200;;;ROBOT_DISHES;XIRECS;10200.0;2
130200;;;ROBOT_IRONING;XIRECS;8130.0;2
130200;;;ROBOT_LAUNDRY;XIRECS;8948.0;2
130200;;;ROBOT_MOPPING;XIRECS;11859.0;2
130200;;;ROBOT_VACUUMING;XIRECS;8581.0;2
130200;;;SLEEP_POD_COTTON;XIRECS;12744.0;2
130200;;;SLEEP_POD_LAMB_WOOL;XIRECS;10265.0;2
130200;;;SLEEP_POD_NYLON;XIRECS;9749.0;2
130200;;;SLEEP_POD_POLYESTER;XIRECS;12904.0;2
130200;;;SLEEP_POD_SUEDE;XIRECS;12371.0;2
130200;;;SNACKPACK_CHOCOLATE;XIRECS;9933.0;2
130200;;;SNACKPACK_PISTACHIO;XIRECS;9364.0;2
130200;;;SNACKPACK_RASPBERRY;XIRECS;9961.0;2
130200;;;SNACKPACK_STRAWBERRY;XIRECS;10903.0;2
130200;;;SNACKPACK_VANILLA;XIRECS;9924.0;2
130200;;;TRANSLATOR_ASTRO_BLACK;XIRECS;9312.0;2
130200;;;TRANSLATOR_ECLIPSE_CHARCOAL;XIRECS;9988.0;2
130200;;;TRANSLATOR_GRAPHITE_MIST;XIRECS;11413.0;2
130200;;;TRANSLATOR_SPACE_GRAY;XIRECS;9608.0;2
130200;;;TRANSLATOR_VOID_BLUE;XIRECS;10863.0;2
130200;;;UV_VISOR_AMBER;XIRECS;6850.0;2
130200;;;UV_VISOR_MAGENTA;XIRECS;11699.0;2
130200;;;UV_VISOR_ORANGE;XIRECS;10837.0;2
130200;;;UV_VISOR_RED;XIRECS;11843.0;2
130200;;;UV_VISOR_YELLOW;XIRECS;11514.0;2
130300;;;PEBBLES_L;XIRECS;11005.0;4
130300;;;PEBBLES_M;XIRECS;11361.0;4
130300;;;PEBBLES_S;XIRECS;8061.0;4
130300;;;PEBBLES_XL;XIRECS;13129.0;4
130300;;;PEBBLES_XS;XIRECS;6477.0;4
131300;;;MICROCHIP_CIRCLE;XIRECS;8562.0;1
131300;;;MICROCHIP_OVAL;XIRECS;6793.0;1
131300;;;MICROCHIP_RECTANGLE;XIRECS;7894.0;1
131300;;;MICROCHIP_SQUARE;XIRECS;14627.0;1
131300;;;MICROCHIP_TRIANGLE;XIRECS;9111.0;1
131500;;;MICROCHIP_CIRCLE;XIRECS;8582.0;2
131500;;;MICROCHIP_OVAL;XIRECS;6798.0;2
131500;;;MICROCHIP_RECTANGLE;XIRECS;7925.0;2
131500;;;MICROCHIP_SQUARE;XIRECS;14618.0;2
131500;;;MICROCHIP_TRIANGLE;XIRECS;9142.0;2
131900;;;GALAXY_SOUNDS_BLACK_HOLES;XIRECS;12123.0;1
131900;;;GALAXY_SOUNDS_DARK_MATTER;XIRECS;10343.0;1
131900;;;GALAXY_SOUNDS_PLANETARY_RINGS;XIRECS;10652.0;1
131900;;;GALAXY_SOUNDS_SOLAR_FLAMES;XIRECS;10554.0;1
131900;;;GALAXY_SOUNDS_SOLAR_WINDS;XIRECS;10969.0;1
131900;;;OXYGEN_SHAKE_CHOCOLATE;XIRECS;9492.0;1
131900;;;OXYGEN_SHAKE_EVENING_BREATH;XIRECS;9224.0;1
131900;;;OXYGEN_SHAKE_GARLIC;XIRECS;12222.0;1
131900;;;OXYGEN_SHAKE_MINT;XIRECS;9359.0;1
131900;;;OXYGEN_SHAKE_MORNING_BREATH;XIRECS;9479.0;1
131900;;;PANEL_1X2;XIRECS;8403.0;1
131900;;;PANEL_1X4;XIRECS;8427.0;1
131900;;;PANEL_2X2;XIRECS;8645.0;1
131900;;;PANEL_2X4;XIRECS;11185.0;1
131900;;;PANEL_4X4;XIRECS;10881.0;1
131900;;;ROBOT_DISHES;XIRECS;10225.0;1
131900;;;ROBOT_IRONING;XIRECS;8087.0;1
131900;;;ROBOT_LAUNDRY;XIRECS;8994.0;1
131900;;;ROBOT_MOPPING;XIRECS;11858.0;1
131900;;;ROBOT_VACUUMING;XIRECS;8560.0;1
131900;;;SLEEP_POD_COTTON;XIRECS;12784.0;1
131900;;;SLEEP_POD_LAMB_WOOL;XIRECS;10299.0;1
131900;;;SLEEP_POD_NYLON;XIRECS;9770.0;1
131900;;;SLEEP_POD_POLYESTER;XIRECS;12880.0;1
131900;;;SLEEP_POD_SUEDE;XIRECS;12339.0;1
131900;;;SNACKPACK_CHOCOLATE;XIRECS;9924.0;1
131900;;;SNACKPACK_PISTACHIO;XIRECS;9382.0;1
131900;;;SNACKPACK_RASPBERRY;XIRECS;9919.0;1
131900;;;SNACKPACK_STRAWBERRY;XIRECS;10926.0;1
131900;;;SNACKPACK_VANILLA;XIRECS;9914.0;1
131900;;;TRANSLATOR_ASTRO_BLACK;XIRECS;9329.0;1
131900;;;TRANSLATOR_ECLIPSE_CHARCOAL;XIRECS;10040.0;1
131900;;;TRANSLATOR_GRAPHITE_MIST;XIRECS;11378.0;1
131900;;;TRANSLATOR_SPACE_GRAY;XIRECS;9584.0;1
131900;;;TRANSLATOR_VOID_BLUE;XIRECS;10847.0;1
131900;;;UV_VISOR_AMBER;XIRECS;6860.0;1
131900;;;UV_VISOR_MAGENTA;XIRECS;11679.0;1
131900;;;UV_VISOR_ORANGE;XIRECS;10777.0;1
131900;;;UV_VISOR_RED;XIRECS;11845.0;1
131900;;;UV_VISOR_YELLOW;XIRECS;11547.0;1
132300;;;MICROCHIP_CIRCLE;XIRECS;8591.0;3
132300;;;MICROCHIP_OVAL;XIRECS;6758.0;3
132300;;;MICROCHIP_RECTANGLE;XIRECS;7945.0;3
132300;;;MICROCHIP_SQUARE;XIRECS;14614.0;3
132300;;;MICROCHIP_TRIANGLE;XIRECS;9034.0;3
134600;;;GALAXY_SOUNDS_BLACK_HOLES;XIRECS;12057.0;1
134600;;;GALAXY_SOUNDS_DARK_MATTER;XIRECS;10260.0;1
134600;;;GALAXY_SOUNDS_PLANETARY_RINGS;XIRECS;10670.0;1
134600;;;GALAXY_SOUNDS_SOLAR_FLAMES;XIRECS;10479.0;1
134600;;;GALAXY_SOUNDS_SOLAR_WINDS;XIRECS;11014.0;1
134600;;;OXYGEN_SHAKE_CHOCOLATE;XIRECS;9436.0;1
134600;;;OXYGEN_SHAKE_EVENING_BREATH;XIRECS;9266.0;1
134600;;;OXYGEN_SHAKE_GARLIC;XIRECS;12095.0;1
134600;;;OXYGEN_SHAKE_MINT;XIRECS;9269.0;1
134600;;;OXYGEN_SHAKE_MORNING_BREATH;XIRECS;9549.0;1
134600;;;PANEL_1X2;XIRECS;8482.0;1
134600;;;PANEL_1X4;XIRECS;8448.0;1
134600;;;PANEL_2X2;XIRECS;8691.0;1
134600;;;PANEL_2X4;XIRECS;11095.0;1
134600;;;PANEL_4X4;XIRECS;10923.0;1
134600;;;ROBOT_DISHES;XIRECS;10304.0;1
134600;;;ROBOT_IRONING;XIRECS;8083.0;1
134600;;;ROBOT_LAUNDRY;XIRECS;9000.0;1
134600;;;ROBOT_MOPPING;XIRECS;11875.0;1
134600;;;ROBOT_VACUUMING;XIRECS;8629.0;1
134600;;;SLEEP_POD_COTTON;XIRECS;12929.0;1
134600;;;SLEEP_POD_LAMB_WOOL;XIRECS;10347.0;1
134600;;;SLEEP_POD_NYLON;XIRECS;9813.0;1
134600;;;SLEEP_POD_POLYESTER;XIRECS;12906.0;1
134600;;;SLEEP_POD_SUEDE;XIRECS;12359.0;1
134600;;;SNACKPACK_CHOCOLATE;XIRECS;9947.0;1
134600;;;SNACKPACK_PISTACHIO;XIRECS;9411.0;1
134600;;;SNACKPACK_RASPBERRY;XIRECS;9903.0;1
134600;;;SNACKPACK_STRAWBERRY;XIRECS;10979.0;1
134600;;;SNACKPACK_VANILLA;XIRECS;9923.0;1
134600;;;TRANSLATOR_ASTRO_BLACK;XIRECS;9271.0;1
134600;;;TRANSLATOR_ECLIPSE_CHARCOAL;XIRECS;10080.0;1
134600;;;TRANSLATOR_GRAPHITE_MIST;XIRECS;11304.0;1
134600;;;TRANSLATOR_SPACE_GRAY;XIRECS;9604.0;1
134600;;;TRANSLATOR_VOID_BLUE;XIRECS;10852.0;1
134600;;;UV_VISOR_AMBER;XIRECS;6869.0;1
134600;;;UV_VISOR_MAGENTA;XIRECS;11665.0;1
134600;;;UV_VISOR_ORANGE;XIRECS;10742.0;1
134600;;;UV_VISOR_RED;XIRECS;11964.0;1
134600;;;UV_VISOR_YELLOW;XIRECS;11464.0;1
135500;;;PEBBLES_L;XIRECS;11101.0;4
135500;;;PEBBLES_M;XIRECS;11223.0;4
135500;;;PEBBLES_S;XIRECS;7929.0;4
135500;;;PEBBLES_XL;XIRECS;13134.0;4
135500;;;PEBBLES_XS;XIRECS;6581.0;4
140200;;;GALAXY_SOUNDS_BLACK_HOLES;XIRECS;11973.0;1
140200;;;GALAXY_SOUNDS_DARK_MATTER;XIRECS;10345.0;1
140200;;;GALAXY_SOUNDS_PLANETARY_RINGS;XIRECS;10685.0;1
140200;;;GALAXY_SOUNDS_SOLAR_FLAMES;XIRECS;10483.0;1
140200;;;GALAXY_SOUNDS_SOLAR_WINDS;XIRECS;10933.0;1
140200;;;OXYGEN_SHAKE_CHOCOLATE;XIRECS;9368.0;1
140200;;;OXYGEN_SHAKE_EVENING_BREATH;XIRECS;9214.0;1
140200;;;OXYGEN_SHAKE_GARLIC;XIRECS;12095.0;1
140200;;;OXYGEN_SHAKE_MINT;XIRECS;9254.0;1
140200;;;OXYGEN_SHAKE_MORNING_BREATH;XIRECS;9415.0;1
140200;;;PANEL_1X2;XIRECS;8597.0;1
140200;;;PANEL_1X4;XIRECS;8411.0;1
140200;;;PANEL_2X2;XIRECS;8562.0;1
140200;;;PANEL_2X4;XIRECS;11167.0;1
140200;;;PANEL_4X4;XIRECS;10841.0;1
140200;;;ROBOT_DISHES;XIRECS;10196.0;1
140200;;;ROBOT_IRONING;XIRECS;8057.0;1
140200;;;ROBOT_LAUNDRY;XIRECS;8911.0;1
140200;;;ROBOT_MOPPING;XIRECS;11974.0;1
140200;;;ROBOT_VACUUMING;XIRECS;8633.0;1
140200;;;SLEEP_POD_COTTON;XIRECS;12869.0;1
140200;;;SLEEP_POD_LAMB_WOOL;XIRECS;10297.0;1
140200;;;SLEEP_POD_NYLON;XIRECS;9731.0;1
140200;;;SLEEP_POD_POLYESTER;XIRECS;12892.0;1
140200;;;SLEEP_POD_SUEDE;XIRECS;12380.0;1
140200;;;SNACKPACK_CHOCOLATE;XIRECS;9942.0;1
140200;;;SNACKPACK_PISTACHIO;XIRECS;9425.0;1
140200;;;SNACKPACK_RASPBERRY;XIRECS;9835.0;1
140200;;;SNACKPACK_STRAWBERRY;XIRECS;11037.0;1
140200;;;SNACKPACK_VANILLA;XIRECS;9900.0;1
140200;;;TRANSLATOR_ASTRO_BLACK;XIRECS;9270.0;1
140200;;;TRANSLATOR_ECLIPSE_CHARCOAL;XIRECS;10035.0;1
140200;;;TRANSLATOR_GRAPHITE_MIST;XIRECS;11304.0;1
140200;;;TRANSLATOR_SPACE_GRAY;XIRECS;9556.0;1
140200;;;TRANSLATOR_VOID_BLUE;XIRECS;10811.0;1
140200;;;UV_VISOR_AMBER;XIRECS;6872.0;1
140200;;;UV_VISOR_MAGENTA;XIRECS;11671.0;1
140200;;;UV_VISOR_ORANGE;XIRECS;10776.0;1
140200;;;UV_VISOR_RED;XIRECS;11773.0;1
140200;;;UV_VISOR_YELLOW;XIRECS;11348.0;1
143300;;;GALAXY_SOUNDS_BLACK_HOLES;XIRECS;11939.0;1
143300;;;GALAXY_SOUNDS_DARK_MATTER;XIRECS;10281.0;1
143300;;;GALAXY_SOUNDS_PLANETARY_RINGS;XIRECS;10791.0;1
143300;;;GALAXY_SOUNDS_SOLAR_FLAMES;XIRECS;10492.0;1
143300;;;GALAXY_SOUNDS_SOLAR_WINDS;XIRECS;10972.0;1
143300;;;OXYGEN_SHAKE_CHOCOLATE;XIRECS;9327.0;1
143300;;;OXYGEN_SHAKE_EVENING_BREATH;XIRECS;9226.0;1
143300;;;OXYGEN_SHAKE_GARLIC;XIRECS;11940.0;1
143300;;;OXYGEN_SHAKE_MINT;XIRECS;9249.0;1
143300;;;OXYGEN_SHAKE_MORNING_BREATH;XIRECS;9424.0;1
143300;;;PANEL_1X2;XIRECS;8676.0;1
143300;;;PANEL_1X4;XIRECS;8376.0;1
143300;;;PANEL_2X2;XIRECS;8573.0;1
143300;;;PANEL_2X4;XIRECS;11232.0;1
143300;;;PANEL_4X4;XIRECS;10894.0;1
143300;;;ROBOT_DISHES;XIRECS;10204.0;1
143300;;;ROBOT_IRONING;XIRECS;8103.0;1
143300;;;ROBOT_LAUNDRY;XIRECS;8893.0;1
143300;;;ROBOT_MOPPING;XIRECS;12025.0;1
143300;;;ROBOT_VACUUMING;XIRECS;8626.0;1
143300;;;SLEEP_POD_COTTON;XIRECS;12831.0;1
143300;;;SLEEP_POD_LAMB_WOOL;XIRECS;10347.0;1
143300;;;SLEEP_POD_NYLON;XIRECS;9722.0;1
143300;;;SLEEP_POD_POLYESTER;XIRECS;13037.0;1
143300;;;SLEEP_POD_SUEDE;XIRECS;12373.0;1
143300;;;SNACKPACK_CHOCOLATE;XIRECS;10001.0;1
143300;;;SNACKPACK_PISTACHIO;XIRECS;9419.0;1
143300;;;SNACKPACK_RASPBERRY;XIRECS;9898.0;1
143300;;;SNACKPACK_STRAWBERRY;XIRECS;11012.0;1
143300;;;SNACKPACK_VANILLA;XIRECS;9879.0;1
143300;;;TRANSLATOR_ASTRO_BLACK;XIRECS;9301.0;1
143300;;;TRANSLATOR_ECLIPSE_CHARCOAL;XIRECS;10055.0;1
143300;;;TRANSLATOR_GRAPHITE_MIST;XIRECS;11240.0;1
143300;;;TRANSLATOR_SPACE_GRAY;XIRECS;9513.0;1
143300;;;TRANSLATOR_VOID_BLUE;XIRECS;10883.0;1
143300;;;UV_VISOR_AMBER;XIRECS;6938.0;1
143300;;;UV_VISOR_MAGENTA;XIRECS;11706.0;1
143300;;;UV_VISOR_ORANGE;XIRECS;10857.0;1
143300;;;UV_VISOR_RED;XIRECS;11893.0;1
143300;;;UV_VISOR_YELLOW;XIRECS;11359.0;1
144300;;;MICROCHIP_CIRCLE;XIRECS;8743.0;2
144300;;;MICROCHIP_OVAL;XIRECS;6814.0;2
144300;;;MICROCHIP_RECTANGLE;XIRECS;7970.0;2
144300;;;MICROCHIP_SQUARE;XIRECS;14466.0;2
144300;;;MICROCHIP_TRIANGLE;XIRECS;8926.0;2
145100;;;PEBBLES_L;XIRECS;10949.0;5
145100;;;PEBBLES_M;XIRECS;11348.0;5
145100;;;PEBBLES_S;XIRECS;7966.0;5
145100;;;PEBBLES_XL;XIRECS;13179.0;5
145100;;;PEBBLES_XS;XIRECS;6590.0;5
145400;;;PEBBLES_L;XIRECS;10938.0;4
145400;;;PEBBLES_M;XIRECS;11268.0;4
145400;;;PEBBLES_S;XIRECS;7956.0;4
145400;;;PEBBLES_XL;XIRECS;13211.0;4
145400;;;PEBBLES_XS;XIRECS;6594.0;4
146400;;;PEBBLES_L;XIRECS;10990.0;4
146400;;;PEBBLES_M;XIRECS;11349.0;4
146400;;;PEBBLES_S;XIRECS;7951.0;4
146400;;;PEBBLES_XL;XIRECS;13144.0;4
146400;;;PEBBLES_XS;XIRECS;6599.0;4
148800;;;GALAXY_SOUNDS_BLACK_HOLES;XIRECS;11944.0;3
148800;;;GALAXY_SOUNDS_DARK_MATTER;XIRECS;10348.0;3
148800;;;GALAXY_SOUNDS_PLANETARY_RINGS;XIRECS;10755.0;3
148800;;;GALAXY_SOUNDS_SOLAR_FLAMES;XIRECS;10539.0;3
148800;;;GALAXY_SOUNDS_SOLAR_WINDS;XIRECS;10882.0;3
148800;;;OXYGEN_SHAKE_CHOCOLATE;XIRECS;9378.0;3
148800;;;OXYGEN_SHAKE_EVENING_BREATH;XIRECS;9216.0;3
148800;;;OXYGEN_SHAKE_GARLIC;XIRECS;12073.0;3
148800;;;OXYGEN_SHAKE_MINT;XIRECS;9141.0;3
148800;;;OXYGEN_SHAKE_MORNING_BREATH;XIRECS;9346.0;3
148800;;;PANEL_1X2;XIRECS;8746.0;3
148800;;;PANEL_1X4;XIRECS;8418.0;3
148800;;;PANEL_2X2;XIRECS;8492.0;3
148800;;;PANEL_2X4;XIRECS;11345.0;3
148800;;;PANEL_4X4;XIRECS;10966.0;3
148800;;;ROBOT_DISHES;XIRECS;10104.0;3
148800;;;ROBOT_IRONING;XIRECS;8173.0;3
148800;;;ROBOT_LAUNDRY;XIRECS;8914.0;3
148800;;;ROBOT_MOPPING;XIRECS;12136.0;3
148800;;;ROBOT_VACUUMING;XIRECS;8584.0;3
148800;;;SLEEP_POD_COTTON;XIRECS;12900.0;3
148800;;;SLEEP_POD_LAMB_WOOL;XIRECS;10241.0;3
148800;;;SLEEP_POD_NYLON;XIRECS;9745.0;3
148800;;;SLEEP_POD_POLYESTER;XIRECS;13061.0;3
148800;;;SLEEP_POD_SUEDE;XIRECS;12366.0;3
148800;;;SNACKPACK_CHOCOLATE;XIRECS;10014.0;3
148800;;;SNACKPACK_PISTACHIO;XIRECS;9392.0;3
148800;;;SNACKPACK_RASPBERRY;XIRECS;9913.0;3
148800;;;SNACKPACK_STRAWBERRY;XIRECS;10978.0;3
148800;;;SNACKPACK_VANILLA;XIRECS;9856.0;3
148800;;;TRANSLATOR_ASTRO_BLACK;XIRECS;9365.0;3
148800;;;TRANSLATOR_ECLIPSE_CHARCOAL;XIRECS;10149.0;3
148800;;;TRANSLATOR_GRAPHITE_MIST;XIRECS;11220.0;3
148800;;;TRANSLATOR_SPACE_GRAY;XIRECS;9343.0;3
148800;;;TRANSLATOR_VOID_BLUE;XIRECS;10782.0;3
148800;;;UV_VISOR_AMBER;XIRECS;6863.0;3
148800;;;UV_VISOR_MAGENTA;XIRECS;11669.0;3
148800;;;UV_VISOR_ORANGE;XIRECS;10946.0;3
148800;;;UV_VISOR_RED;XIRECS;11941.0;3
148800;;;UV_VISOR_YELLOW;XIRECS;11374.0;3
150600;;;PEBBLES_L;XIRECS;11042.0;2
150600;;;PEBBLES_M;XIRECS;11188.0;2
150600;;;PEBBLES_S;XIRECS;7904.0;2
150600;;;PEBBLES_XL;XIRECS;13234.0;2
150600;;;PEBBLES_XS;XIRECS;6666.0;2
151400;;;PEBBLES_L;XIRECS;10967.0;3
151400;;;PEBBLES_M;XIRECS;11187.0;3
151400;;;PEBBLES_S;XIRECS;7846.0;3
151400;;;PEBBLES_XL;XIRECS;13329.0;3
151400;;;PEBBLES_XS;XIRECS;6640.0;3
151600;;;PEBBLES_L;XIRECS;10975.0;4
151600;;;PEBBLES_M;XIRECS;11177.0;4
151600;;;PEBBLES_S;XIRECS;7865.0;4
151600;;;PEBBLES_XL;XIRECS;13283.0;4
151600;;;PEBBLES_XS;XIRECS;6668.0;4
151800;;;MICROCHIP_CIRCLE;XIRECS;8763.0;1
151800;;;MICROCHIP_OVAL;XIRECS;6770.0;1
151800;;;MICROCHIP_RECTANGLE;XIRECS;8293.0;1
151800;;;MICROCHIP_SQUARE;XIRECS;14535.0;1
151800;;;MICROCHIP_TRIANGLE;XIRECS;8997.0;1
152900;;;MICROCHIP_CIRCLE;XIRECS;8755.0;3
152900;;;MICROCHIP_OVAL;XIRECS;6772.0;3
152900;;;MICROCHIP_RECTANGLE;XIRECS;8287.0;3
152900;;;MICROCHIP_SQUARE;XIRECS;14628.0;3
152900;;;MICROCHIP_TRIANGLE;XIRECS;9001.0;3
153500;;;MICROCHIP_CIRCLE;XIRECS;8728.0;1
153500;;;MICROCHIP_OVAL;XIRECS;6783.0;1
153500;;;MICROCHIP_RECTANGLE;XIRECS;8246.0;1
153500;;;MICROCHIP_SQUARE;XIRECS;14661.0;1
153500;;;MICROCHIP_TRIANGLE;XIRECS;9049.0;1
154500;;;GALAXY_SOUNDS_BLACK_HOLES;XIRECS;12047.0;2
154500;;;GALAXY_SOUNDS_DARK_MATTER;XIRECS;10275.0;2
154500;;;GALAXY_SOUNDS_PLANETARY_RINGS;XIRECS;10556.0;2
154500;;;GALAXY_SOUNDS_SOLAR_FLAMES;XIRECS;10615.0;2
154500;;;GALAXY_SOUNDS_SOLAR_WINDS;XIRECS;10876.0;2
154500;;;OXYGEN_SHAKE_CHOCOLATE;XIRECS;9443.0;2
154500;;;OXYGEN_SHAKE_EVENING_BREATH;XIRECS;9264.0;2
154500;;;OXYGEN_SHAKE_GARLIC;XIRECS;12002.0;2
154500;;;OXYGEN_SHAKE_MINT;XIRECS;9120.0;2
154500;;;OXYGEN_SHAKE_MORNING_BREATH;XIRECS;9367.0;2
154500;;;PANEL_1X2;XIRECS;8681.0;2
154500;;;PANEL_1X4;XIRECS;8393.0;2
154500;;;PANEL_2X2;XIRECS;8391.0;2
154500;;;PANEL_2X4;XIRECS;11471.0;2
154500;;;PANEL_4X4;XIRECS;11003.0;2
154500;;;ROBOT_DISHES;XIRECS;10296.0;2
154500;;;ROBOT_IRONING;XIRECS;8207.0;2
154500;;;ROBOT_LAUNDRY;XIRECS;8783.0;2
154500;;;ROBOT_MOPPING;XIRECS;12098.0;2
154500;;;ROBOT_VACUUMING;XIRECS;8540.0;2
154500;;;SLEEP_POD_COTTON;XIRECS;13055.0;2
154500;;;SLEEP_POD_LAMB_WOOL;XIRECS;10220.0;2
154500;;;SLEEP_POD_NYLON;XIRECS;9691.0;2
154500;;;SLEEP_POD_POLYESTER;XIRECS;13001.0;2
154500;;;SLEEP_POD_SUEDE;XIRECS;12219.0;2
154500;;;SNACKPACK_CHOCOLATE;XIRECS;10032.0;2
154500;;;SNACKPACK_PISTACHIO;XIRECS;9357.0;2
154500;;;SNACKPACK_RASPBERRY;XIRECS;9909.0;2
154500;;;SNACKPACK_STRAWBERRY;XIRECS;10960.0;2
154500;;;SNACKPACK_VANILLA;XIRECS;9827.0;2
154500;;;TRANSLATOR_ASTRO_BLACK;XIRECS;9292.0;2
154500;;;TRANSLATOR_ECLIPSE_CHARCOAL;XIRECS;10173.0;2
154500;;;TRANSLATOR_GRAPHITE_MIST;XIRECS;11299.0;2
154500;;;TRANSLATOR_SPACE_GRAY;XIRECS;9272.0;2
154500;;;TRANSLATOR_VOID_BLUE;XIRECS;10871.0;2
154500;;;UV_VISOR_AMBER;XIRECS;6904.0;2
154500;;;UV_VISOR_MAGENTA;XIRECS;11824.0;2
154500;;;UV_VISOR_ORANGE;XIRECS;10863.0;2
154500;;;UV_VISOR_RED;XIRECS;11950.0;2
154500;;;UV_VISOR_YELLOW;XIRECS;11352.0;2
155400;;;GALAXY_SOUNDS_BLACK_HOLES;XIRECS;12112.0;1
155400;;;GALAXY_SOUNDS_DARK_MATTER;XIRECS;10231.0;1
155400;;;GALAXY_SOUNDS_PLANETARY_RINGS;XIRECS;10563.0;1
155400;;;GALAXY_SOUNDS_SOLAR_FLAMES;XIRECS;10652.0;1
155400;;;GALAXY_SOUNDS_SOLAR_WINDS;XIRECS;10839.0;1
155400;;;OXYGEN_SHAKE_CHOCOLATE;XIRECS;9430.0;1
155400;;;OXYGEN_SHAKE_EVENING_BREATH;XIRECS;9304.0;1
155400;;;OXYGEN_SHAKE_GARLIC;XIRECS;12016.0;1
155400;;;OXYGEN_SHAKE_MINT;XIRECS;9076.0;1
155400;;;OXYGEN_SHAKE_MORNING_BREATH;XIRECS;9361.0;1
155400;;;PANEL_1X2;XIRECS;8661.0;1
155400;;;PANEL_1X4;XIRECS;8398.0;1
155400;;;PANEL_2X2;XIRECS;8375.0;1
155400;;;PANEL_2X4;XIRECS;11481.0;1
155400;;;PANEL_4X4;XIRECS;11004.0;1
155400;;;ROBOT_DISHES;XIRECS;10296.0;1
155400;;;ROBOT_IRONING;XIRECS;8167.0;1
155400;;;ROBOT_LAUNDRY;XIRECS;8754.0;1
155400;;;ROBOT_MOPPING;XIRECS;12083.0;1
155400;;;ROBOT_VACUUMING;XIRECS;8559.0;1
155400;;;SLEEP_POD_COTTON;XIRECS;13060.0;1
155400;;;SLEEP_POD_LAMB_WOOL;XIRECS;10189.0;1
155400;;;SLEEP_POD_NYLON;XIRECS;9708.0;1
155400;;;SLEEP_POD_POLYESTER;XIRECS;13020.0;1
155400;;;SLEEP_POD_SUEDE;XIRECS;12265.0;1
155400;;;SNACKPACK_CHOCOLATE;XIRECS;10029.0;1
155400;;;SNACKPACK_PISTACHIO;XIRECS;9355.0;1
155400;;;SNACKPACK_RASPBERRY;XIRECS;9916.0;1
155400;;;SNACKPACK_STRAWBERRY;XIRECS;10959.0;1
155400;;;SNACKPACK_VANILLA;XIRECS;9828.0;1
155400;;;TRANSLATOR_ASTRO_BLACK;XIRECS;9254.0;1
155400;;;TRANSLATOR_ECLIPSE_CHARCOAL;XIRECS;10166.0;1
155400;;;TRANSLATOR_GRAPHITE_MIST;XIRECS;11266.0;1
155400;;;TRANSLATOR_SPACE_GRAY;XIRECS;9240.0;1
155400;;;TRANSLATOR_VOID_BLUE;XIRECS;10844.0;1
155400;;;UV_VISOR_AMBER;XIRECS;6899.0;1
155400;;;UV_VISOR_MAGENTA;XIRECS;11822.0;1
155400;;;UV_VISOR_ORANGE;XIRECS;10915.0;1
155400;;;UV_VISOR_RED;XIRECS;11897.0;1
155400;;;UV_VISOR_YELLOW;XIRECS;11354.0;1
156200;;;GALAXY_SOUNDS_BLACK_HOLES;XIRECS;12120.0;4
156200;;;GALAXY_SOUNDS_DARK_MATTER;XIRECS;10201.0;4
156200;;;GALAXY_SOUNDS_PLANETARY_RINGS;XIRECS;10574.0;4
156200;;;GALAXY_SOUNDS_SOLAR_FLAMES;XIRECS;10578.0;4
156200;;;GALAXY_SOUNDS_SOLAR_WINDS;XIRECS;10831.0;4
156200;;;OXYGEN_SHAKE_CHOCOLATE;XIRECS;9436.0;4
156200;;;OXYGEN_SHAKE_EVENING_BREATH;XIRECS;9304.0;4
156200;;;OXYGEN_SHAKE_GARLIC;XIRECS;12067.0;4
156200;;;OXYGEN_SHAKE_MINT;XIRECS;9095.0;4
156200;;;OXYGEN_SHAKE_MORNING_BREATH;XIRECS;9362.0;4
156200;;;PANEL_1X2;XIRECS;8656.0;4
156200;;;PANEL_1X4;XIRECS;8383.0;4
156200;;;PANEL_2X2;XIRECS;8408.0;4
156200;;;PANEL_2X4;XIRECS;11516.0;4
156200;;;PANEL_4X4;XIRECS;10991.0;4
156200;;;ROBOT_DISHES;XIRECS;10296.0;4
156200;;;ROBOT_IRONING;XIRECS;8177.0;4
156200;;;ROBOT_LAUNDRY;XIRECS;8721.0;4
156200;;;ROBOT_MOPPING;XIRECS;12030.0;4
156200;;;ROBOT_VACUUMING;XIRECS;8576.0;4
156200;;;SLEEP_POD_COTTON;XIRECS;13079.0;4
156200;;;SLEEP_POD_LAMB_WOOL;XIRECS;10204.0;4
156200;;;SLEEP_POD_NYLON;XIRECS;9715.0;4
156200;;;SLEEP_POD_POLYESTER;XIRECS;13034.0;4
156200;;;SLEEP_POD_SUEDE;XIRECS;12218.0;4
156200;;;SNACKPACK_CHOCOLATE;XIRECS;10005.0;4
156200;;;SNACKPACK_PISTACHIO;XIRECS;9350.0;4
156200;;;SNACKPACK_RASPBERRY;XIRECS;9919.0;4
156200;;;SNACKPACK_STRAWBERRY;XIRECS;10958.0;4
156200;;;SNACKPACK_VANILLA;XIRECS;9848.0;4
156200;;;TRANSLATOR_ASTRO_BLACK;XIRECS;9218.0;4
156200;;;TRANSLATOR_ECLIPSE_CHARCOAL;XIRECS;10175.0;4
156200;;;TRANSLATOR_GRAPHITE_MIST;XIRECS;11251.0;4
156200;;;TRANSLATOR_SPACE_GRAY;XIRECS;9236.0;4
156200;;;TRANSLATOR_VOID_BLUE;XIRECS;10863.0;4
156200;;;UV_VISOR_AMBER;XIRECS;6912.0;4
156200;;;UV_VISOR_MAGENTA;XIRECS;11846.0;4
156200;;;UV_VISOR_ORANGE;XIRECS;10894.0;4
156200;;;UV_VISOR_RED;XIRECS;11868.0;4
156200;;;UV_VISOR_YELLOW;XIRECS;11320.0;4
156400;;;GALAXY_SOUNDS_BLACK_HOLES;XIRECS;12125.0;1
156400;;;GALAXY_SOUNDS_DARK_MATTER;XIRECS;10204.0;1
156400;;;GALAXY_SOUNDS_PLANETARY_RINGS;XIRECS;10573.0;1
156400;;;GALAXY_SOUNDS_SOLAR_FLAMES;XIRECS;10597.0;1
156400;;;GALAXY_SOUNDS_SOLAR_WINDS;XIRECS;10864.0;1
156400;;;OXYGEN_SHAKE_CHOCOLATE;XIRECS;9439.0;1
156400;;;OXYGEN_SHAKE_EVENING_BREATH;XIRECS;9306.0;1
156400;;;OXYGEN_SHAKE_GARLIC;XIRECS;12100.0;1
156400;;;OXYGEN_SHAKE_MINT;XIRECS;9084.0;1
156400;;;OXYGEN_SHAKE_MORNING_BREATH;XIRECS;9382.0;1
156400;;;PANEL_1X2;XIRECS;8676.0;1
156400;;;PANEL_1X4;XIRECS;8398.0;1
156400;;;PANEL_2X2;XIRECS;8416.0;1
156400;;;PANEL_2X4;XIRECS;11500.0;1
156400;;;PANEL_4X4;XIRECS;10986.0;1
156400;;;ROBOT_DISHES;XIRECS;10304.0;1
156400;;;ROBOT_IRONING;XIRECS;8173.0;1
156400;;;ROBOT_LAUNDRY;XIRECS;8739.0;1
156400;;;ROBOT_MOPPING;XIRECS;12045.0;1
156400;;;ROBOT_VACUUMING;XIRECS;8604.0;1
156400;;;SLEEP_POD_COTTON;XIRECS;13065.0;1
156400;;;SLEEP_POD_LAMB_WOOL;XIRECS;10210.0;1
156400;;;SLEEP_POD_NYLON;XIRECS;9721.0;1
156400;;;SLEEP_POD_POLYESTER;XIRECS;13039.0;1
156400;;;SLEEP_POD_SUEDE;XIRECS;12217.0;1
156400;;;SNACKPACK_CHOCOLATE;XIRECS;10027.0;1
156400;;;SNACKPACK_PISTACHIO;XIRECS;9374.0;1
156400;;;SNACKPACK_RASPBERRY;XIRECS;9931.0;1
156400;;;SNACKPACK_STRAWBERRY;XIRECS;10984.0;1
156400;;;SNACKPACK_VANILLA;XIRECS;9860.0;1
156400;;;TRANSLATOR_ASTRO_BLACK;XIRECS;9201.0;1
156400;;;TRANSLATOR_ECLIPSE_CHARCOAL;XIRECS;10172.0;1
