day;timestamp;product;bid_price_1;bid_volume_1;bid_price_2;bid_volume_2;bid_price_3;bid_volume_3;ask_price_1;ask_volume_1;ask_price_2;ask_volume_2;ask_price_3;ask_volume_3;mid_price;profit_and_loss
3;0;SNACKPACK_RASPBERRY;10232;21;10230;52;;;10249;21;10251;52;;;10240.5;0.0
3;100;SNACKPACK_RASPBERRY;10230;28;10228;48;;;10247;28;10249;48;;;10238.5;0.0
3;200;SNACKPACK_RASPBERRY;10238;21;10236;55;;;10256;21;10258;55;;;10247.0;0.0
3;300;SNACKPACK_RASPBERRY;10234;33;10232;44;;;10251;33;10253;44;;;10242.5;0.0
3;400;SNACKPACK_RASPBERRY;10241;40;10239;47;;;10258;40;10260;47;;;10249.5;0.0
3;500;SNACKPACK_RASPBERRY;10256;36;10254;49;;;10274;36;10276;49;;;10265.0;0.0
3;600;SNACKPACK_RASPBERRY;10262;29;10260;43;;;10279;29;10281;43;;;10270.5;0.0
3;700;SNACKPACK_RASPBERRY;10269;24;10267;50;;;10287;24;10289;50;;;10278.0;0.0
3;800;SNACKPACK_RASPBERRY;10272;36;10270;48;;;10289;36;10292;48;;;10280.5;0.0
3;900;SNACKPACK_RASPBERRY;10273;35;10271;60;;;10291;35;10293;60;;;10282.0;0.0
3;1000;SNACKPACK_RASPBERRY;10256;28;10254;46;;;10273;28;10275;46;;;10264.5;0.0
3;1100;SNACKPACK_RASPBERRY;10245;34;10243;52;;;10263;34;10265;52;;;10254.0;0.0
3;1200;SNACKPACK_RASPBERRY;10241;33;10239;51;;;10259;33;10261;51;;;10250.0;0.0
3;1300;SNACKPACK_RASPBERRY;10237;32;10235;56;;;10255;32;10257;56;;;10246.0;0.0
3;1400;SNACKPACK_RASPBERRY;10239;30;10237;59;;;10257;30;10259;59;;;10248.0;0.0
3;1500;SNACKPACK_RASPBERRY;10235;34;10233;50;;;10253;34;10255;50;;;10244.0;0.0
3;1600;SNACKPACK_RASPBERRY;10220;33;10218;45;;;10237;33;10239;45;;;10228.5;0.0
3;1700;SNACKPACK_RASPBERRY;10206;37;10204;58;;;10223;37;10225;58;;;10214.5;0.0
3;1800;SNACKPACK_RASPBERRY;10199;22;10197;42;;;10217;22;10219;42;;;10208.0;0.0
3;1900;SNACKPACK_RASPBERRY;10204;27;10202;43;;;10221;27;10223;43;;;10212.5;0.0
3;2000;SNACKPACK_RASPBERRY;10211;29;10209;55;;;10228;29;10230;55;;;10219.5;0.0
3;2100;SNACKPACK_RASPBERRY;10210;38;10208;41;;;10228;38;10230;41;;;10219.0;0.0
3;2200;SNACKPACK_RASPBERRY;10212;39;10210;60;;;10230;39;10232;60;;;10221.0;0.0
3;2300;SNACKPACK_RASPBERRY;10208;31;10206;54;;;10226;31;10228;54;;;10217.0;0.0
3;2400;SNACKPACK_RASPBERRY;10207;26;10205;50;;;10225;26;10227;50;;;10216.0;0.0
3;2500;SNACKPACK_RASPBERRY;10202;36;10200;48;;;10219;36;10221;48;;;10210.5;0.0
3;2600;SNACKPACK_RASPBERRY;10185;38;10183;49;;;10202;38;10204;49;;;10193.5;0.0
3;2700;SNACKPACK_RASPBERRY;10173;24;10171;55;;;10191;24;10193;55;;;10182.0;0.0
3;2800;SNACKPACK_RASPBERRY;10179;26;10177;47;;;10197;26;10199;47;;;10188.0;0.0
3;2900;SNACKPACK_RASPBERRY;10182;30;10180;57;;;10200;30;10202;57;;;10191.0;0.0
3;3000;SNACKPACK_RASPBERRY;10170;39;10168;48;;;10188;39;10190;48;;;10179.0;0.0
3;3100;SNACKPACK_RASPBERRY;10168;38;10166;50;;;10185;38;10187;50;;;10176.5;0.0
3;3200;SNACKPACK_RASPBERRY;10163;24;10161;42;;;10181;24;10183;42;;;10172.0;0.0
3;3300;SNACKPACK_RASPBERRY;10168;36;10166;56;;;10185;36;10187;56;;;10176.5;0.0
3;3400;SNACKPACK_RASPBERRY;10164;23;10162;52;;;10181;23;10184;52;;;10172.5;0.0
3;3500;SNACKPACK_RASPBERRY;10157;39;10155;57;;;10174;39;10176;57;;;10165.5;0.0
3;3600;SNACKPACK_RASPBERRY;10162;30;10160;43;;;10179;30;10181;43;;;10170.5;0.0
3;3700;SNACKPACK_RASPBERRY;10158;22;10156;48;;;10175;22;10177;48;;;10166.5;0.0
3;3800;SNACKPACK_RASPBERRY;10164;22;10162;53;;;10182;22;10184;53;;;10173.0;0.0
3;3900;SNACKPACK_RASPBERRY;10179;21;10177;47;;;10197;21;10199;47;;;10188.0;0.0
3;4000;SNACKPACK_RASPBERRY;10183;28;10180;53;;;10200;28;10202;53;;;10191.5;0.0
3;4100;SNACKPACK_RASPBERRY;10180;22;10178;43;;;10197;22;10199;43;;;10188.5;0.0
3;4200;SNACKPACK_RASPBERRY;10180;27;10178;45;;;10198;27;10200;45;;;10189.0;0.0
3;4300;SNACKPACK_RASPBERRY;10192;33;10190;54;;;10209;33;10211;54;;;10200.5;0.0
3;4400;SNACKPACK_RASPBERRY;10198;6;10189;26;10187;53;10207;26;10209;53;;;10202.5;0.0
3;4500;SNACKPACK_RASPBERRY;10184;38;10182;49;;;10192;3;10202;38;10204;49;10188.0;0.0
3;4600;SNACKPACK_RASPBERRY;10186;29;10184;55;;;10204;29;10206;55;;;10195.0;0.0
3;4700;SNACKPACK_RASPBERRY;10168;40;10166;60;;;10186;40;10188;60;;;10177.0;0.0
3;4800;SNACKPACK_RASPBERRY;10170;32;10168;52;;;10187;32;10189;52;;;10178.5;0.0
3;4900;SNACKPACK_RASPBERRY;10168;27;10166;60;;;10186;27;10188;60;;;10177.0;0.0
3;5000;SNACKPACK_RASPBERRY;10170;26;10168;58;;;10187;26;10190;58;;;10178.5;0.0
3;5100;SNACKPACK_RASPBERRY;10170;25;10168;42;;;10187;25;10189;42;;;10178.5;0.0
3;5200;SNACKPACK_RASPBERRY;10183;40;10181;53;;;10200;40;10202;53;;;10191.5;0.0
3;5300;SNACKPACK_RASPBERRY;10169;21;10167;59;;;10186;21;10188;59;;;10177.5;0.0
3;5400;SNACKPACK_RASPBERRY;10168;28;10166;53;;;10185;28;10187;53;;;10176.5;0.0
3;5500;SNACKPACK_RASPBERRY;10162;20;10160;60;;;10179;20;10181;60;;;10170.5;0.0
3;5600;SNACKPACK_RASPBERRY;10162;26;10160;56;;;10179;26;10181;56;;;10170.5;0.0
3;5700;SNACKPACK_RASPBERRY;10174;26;10172;59;;;10191;26;10194;59;;;10182.5;0.0
3;5800;SNACKPACK_RASPBERRY;10176;27;10174;41;;;10193;27;10195;41;;;10184.5;0.0
3;5900;SNACKPACK_RASPBERRY;10174;21;10172;54;;;10192;21;10194;54;;;10183.0;0.0
3;6000;SNACKPACK_RASPBERRY;10174;20;10172;49;;;10191;20;10193;49;;;10182.5;0.0
3;6100;SNACKPACK_RASPBERRY;10160;23;10158;47;;;10178;23;10180;47;;;10169.0;0.0
3;6200;SNACKPACK_RASPBERRY;10162;34;10159;57;;;10179;34;10181;57;;;10170.5;0.0
3;6300;SNACKPACK_RASPBERRY;10179;37;10176;47;;;10196;37;10198;47;;;10187.5;0.0
3;6400;SNACKPACK_RASPBERRY;10175;31;10173;53;;;10192;31;10194;53;;;10183.5;0.0
3;6500;SNACKPACK_RASPBERRY;10174;38;10172;57;;;10191;38;10193;57;;;10182.5;0.0
3;6600;SNACKPACK_RASPBERRY;10173;40;10171;53;;;10190;40;10192;53;;;10181.5;0.0
3;6700;SNACKPACK_RASPBERRY;10160;36;10158;58;;;10177;36;10179;58;;;10168.5;0.0
3;6800;SNACKPACK_RASPBERRY;10159;27;10157;52;;;10176;27;10178;52;;;10167.5;0.0
3;6900;SNACKPACK_RASPBERRY;10150;26;10148;44;;;10167;26;10169;44;;;10158.5;0.0
3;7000;SNACKPACK_RASPBERRY;10141;30;10139;54;;;10158;30;10160;54;;;10149.5;0.0
3;7100;SNACKPACK_RASPBERRY;10151;21;10149;43;;;10168;21;10170;43;;;10159.5;0.0
3;7200;SNACKPACK_RASPBERRY;10144;25;10142;53;;;10162;25;10164;53;;;10153.0;0.0
3;7300;SNACKPACK_RASPBERRY;10142;22;10140;43;;;10159;22;10161;43;;;10150.5;0.0
3;7400;SNACKPACK_RASPBERRY;10152;22;10150;54;;;10169;22;10171;54;;;10160.5;0.0
3;7500;SNACKPACK_RASPBERRY;10148;35;10146;50;;;10166;35;10168;50;;;10157.0;0.0
3;7600;SNACKPACK_RASPBERRY;10144;35;10142;47;;;10161;35;10163;47;;;10152.5;0.0
3;7700;SNACKPACK_RASPBERRY;10133;25;10131;59;;;10150;25;10152;59;;;10141.5;0.0
3;7800;SNACKPACK_RASPBERRY;10124;24;10122;46;;;10142;24;10144;46;;;10133.0;0.0
3;7900;SNACKPACK_RASPBERRY;10139;38;10137;45;;;10156;38;10158;45;;;10147.5;0.0
3;8000;SNACKPACK_RASPBERRY;10147;26;10145;48;;;10165;26;10167;48;;;10156.0;0.0
3;8100;SNACKPACK_RASPBERRY;10146;20;10144;54;;;10154;5;10163;20;10165;54;10150.0;0.0
3;8200;SNACKPACK_RASPBERRY;10158;38;10156;58;;;10175;38;10177;58;;;10166.5;0.0
3;8300;SNACKPACK_RASPBERRY;10149;29;10147;46;;;10166;29;10168;46;;;10157.5;0.0
3;8400;SNACKPACK_RASPBERRY;10154;24;10151;54;;;10171;24;10173;54;;;10162.5;0.0
3;8500;SNACKPACK_RASPBERRY;10156;38;10154;52;;;10173;38;10175;52;;;10164.5;0.0
3;8600;SNACKPACK_RASPBERRY;10148;39;10146;45;;;10165;39;10167;45;;;10156.5;0.0
3;8700;SNACKPACK_RASPBERRY;10150;35;10148;44;;;10168;35;10170;44;;;10159.0;0.0
3;8800;SNACKPACK_RASPBERRY;10163;23;10161;53;;;10181;23;10183;53;;;10172.0;0.0
3;8900;SNACKPACK_RASPBERRY;10167;38;10165;59;;;10184;38;10186;59;;;10175.5;0.0
3;9000;SNACKPACK_RASPBERRY;10180;30;10178;42;;;10197;30;10199;42;;;10188.5;0.0
3;9100;SNACKPACK_RASPBERRY;10181;37;10179;60;;;10198;37;10200;60;;;10189.5;0.0
3;9200;SNACKPACK_RASPBERRY;10183;30;10181;50;;;10200;30;10202;50;;;10191.5;0.0
3;9300;SNACKPACK_RASPBERRY;10172;31;10170;43;;;10190;31;10192;43;;;10181.0;0.0
3;9400;SNACKPACK_RASPBERRY;10162;34;10160;58;;;10179;34;10181;58;;;10170.5;0.0
3;9500;SNACKPACK_RASPBERRY;10162;39;10160;52;;;10180;39;10182;52;;;10171.0;0.0
3;9600;SNACKPACK_RASPBERRY;10154;29;10152;48;;;10172;29;10174;48;;;10163.0;0.0
3;9700;SNACKPACK_RASPBERRY;10159;27;10157;52;;;10176;27;10179;52;;;10167.5;0.0
3;9800;SNACKPACK_RASPBERRY;10157;33;10154;54;;;10174;33;10176;54;;;10165.5;0.0
3;9900;SNACKPACK_RASPBERRY;10158;25;10156;51;;;10175;25;10177;51;;;10166.5;0.0
3;10000;SNACKPACK_RASPBERRY;10161;34;10159;44;;;10178;34;10181;44;;;10169.5;0.0
3;10100;SNACKPACK_RASPBERRY;10173;29;10171;47;;;10190;29;10192;47;;;10181.5;0.0
3;10200;SNACKPACK_RASPBERRY;10189;33;10187;55;;;10206;33;10209;55;;;10197.5;0.0
3;10300;SNACKPACK_RASPBERRY;10189;26;10187;56;;;10206;26;10208;56;;;10197.5;0.0
3;10400;SNACKPACK_RASPBERRY;10198;34;10196;41;;;10215;34;10217;41;;;10206.5;0.0
3;10500;SNACKPACK_RASPBERRY;10193;24;10191;45;;;10210;24;10213;45;;;10201.5;0.0
3;10600;SNACKPACK_RASPBERRY;10182;36;10179;53;;;10199;36;10201;53;;;10190.5;0.0
3;10700;SNACKPACK_RASPBERRY;10173;22;10171;54;;;10190;22;10192;54;;;10181.5;0.0
3;10800;SNACKPACK_RASPBERRY;10163;37;10161;44;;;10180;37;10182;44;;;10171.5;0.0
3;10900;SNACKPACK_RASPBERRY;10170;36;10168;46;;;10187;36;10189;46;;;10178.5;0.0
3;11000;SNACKPACK_RASPBERRY;10176;30;10174;40;;;10193;30;10195;40;;;10184.5;0.0
3;11100;SNACKPACK_RASPBERRY;10172;33;10170;48;;;10189;33;10191;48;;;10180.5;0.0
3;11200;SNACKPACK_RASPBERRY;10177;27;10175;49;;;10194;27;10197;49;;;10185.5;0.0
3;11300;SNACKPACK_RASPBERRY;10181;30;10179;56;;;10198;30;10200;56;;;10189.5;0.0
3;11400;SNACKPACK_RASPBERRY;10180;20;10178;47;;;10198;20;10200;47;;;10189.0;0.0
3;11500;SNACKPACK_RASPBERRY;10183;21;10181;47;;;10200;21;10202;47;;;10191.5;0.0
3;11600;SNACKPACK_RASPBERRY;10168;28;10166;60;;;10186;28;10188;60;;;10177.0;0.0
3;11700;SNACKPACK_RASPBERRY;10162;22;10160;57;;;10179;22;10181;57;;;10170.5;0.0
3;11800;SNACKPACK_RASPBERRY;10162;33;10160;58;;;10179;33;10181;58;;;10170.5;0.0
3;11900;SNACKPACK_RASPBERRY;10168;40;10166;44;;;10185;40;10187;44;;;10176.5;0.0
3;12000;SNACKPACK_RASPBERRY;10165;32;10163;45;;;10182;32;10184;45;;;10173.5;0.0
3;12100;SNACKPACK_RASPBERRY;10165;36;10163;50;;;10182;36;10184;50;;;10173.5;0.0
3;12200;SNACKPACK_RASPBERRY;10168;26;10166;47;;;10185;26;10187;47;;;10176.5;0.0
3;12300;SNACKPACK_RASPBERRY;10174;21;10172;43;;;10191;21;10193;43;;;10182.5;0.0
3;12400;SNACKPACK_RASPBERRY;10186;31;10184;47;;;10204;31;10206;47;;;10195.0;0.0
3;12500;SNACKPACK_RASPBERRY;10180;38;10178;52;;;10198;38;10200;52;;;10189.0;0.0
3;12600;SNACKPACK_RASPBERRY;10177;30;10174;56;;;10194;30;10196;56;;;10185.5;0.0
3;12700;SNACKPACK_RASPBERRY;10163;32;10161;43;;;10180;32;10182;43;;;10171.5;0.0
3;12800;SNACKPACK_RASPBERRY;10167;27;10165;43;;;10185;27;10187;43;;;10176.0;0.0
3;12900;SNACKPACK_RASPBERRY;10156;23;10154;52;;;10173;23;10175;52;;;10164.5;0.0
3;13000;SNACKPACK_RASPBERRY;10157;20;10155;45;;;10175;20;10177;45;;;10166.0;0.0
3;13100;SNACKPACK_RASPBERRY;10148;39;10146;56;;;10166;39;10168;56;;;10157.0;0.0
3;13200;SNACKPACK_RASPBERRY;10149;29;10147;54;;;10166;29;10168;54;;;10157.5;0.0
3;13300;SNACKPACK_RASPBERRY;10164;38;10162;46;;;10181;38;10183;46;;;10172.5;0.0
3;13400;SNACKPACK_RASPBERRY;10165;20;10163;40;;;10182;20;10184;40;;;10173.5;0.0
3;13500;SNACKPACK_RASPBERRY;10162;21;10160;40;;;10179;21;10181;40;;;10170.5;0.0
3;13600;SNACKPACK_RASPBERRY;10157;29;10155;60;;;10175;29;10177;60;;;10166.0;0.0
3;13700;SNACKPACK_RASPBERRY;10151;29;10149;51;;;10169;29;10171;51;;;10160.0;0.0
3;13800;SNACKPACK_RASPBERRY;10154;33;10152;57;;;10171;33;10173;57;;;10162.5;0.0
3;13900;SNACKPACK_RASPBERRY;10155;40;10153;60;;;10172;40;10174;60;;;10163.5;0.0
3;14000;SNACKPACK_RASPBERRY;10163;34;10161;49;;;10181;34;10183;49;;;10172.0;0.0
3;14100;SNACKPACK_RASPBERRY;10182;37;10180;40;;;10200;37;10202;40;;;10191.0;0.0
3;14200;SNACKPACK_RASPBERRY;10167;26;10165;58;;;10184;26;10186;58;;;10175.5;0.0
3;14300;SNACKPACK_RASPBERRY;10178;24;10176;53;;;10196;24;10198;53;;;10187.0;0.0
3;14400;SNACKPACK_RASPBERRY;10177;21;10175;53;;;10194;21;10196;53;;;10185.5;0.0
3;14500;SNACKPACK_RASPBERRY;10180;40;10178;42;;;10197;40;10199;42;;;10188.5;0.0
3;14600;SNACKPACK_RASPBERRY;10187;25;10185;56;;;10204;25;10206;56;;;10195.5;0.0
3;14700;SNACKPACK_RASPBERRY;10186;36;10184;55;;;10203;36;10205;55;;;10194.5;0.0
3;14800;SNACKPACK_RASPBERRY;10188;35;10186;57;;;10205;35;10207;57;;;10196.5;0.0
3;14900;SNACKPACK_RASPBERRY;10192;23;10190;48;;;10209;23;10211;48;;;10200.5;0.0
3;15000;SNACKPACK_RASPBERRY;10182;34;10180;42;;;10199;34;10201;42;;;10190.5;0.0
3;15100;SNACKPACK_RASPBERRY;10175;29;10173;44;;;10192;29;10194;44;;;10183.5;0.0
3;15200;SNACKPACK_RASPBERRY;10187;21;10184;52;;;10204;21;10206;52;;;10195.5;0.0
3;15300;SNACKPACK_RASPBERRY;10191;27;10189;43;;;10209;27;10211;43;;;10200.0;0.0
3;15400;SNACKPACK_RASPBERRY;10191;40;10189;45;;;10209;40;10211;45;;;10200.0;0.0
3;15500;SNACKPACK_RASPBERRY;10194;36;10191;59;;;10211;36;10213;59;;;10202.5;0.0
3;15600;SNACKPACK_RASPBERRY;10201;38;10199;55;;;10218;38;10220;55;;;10209.5;0.0
3;15700;SNACKPACK_RASPBERRY;10195;38;10193;45;;;10212;38;10214;45;;;10203.5;0.0
3;15800;SNACKPACK_RASPBERRY;10189;29;10187;45;;;10207;29;10209;45;;;10198.0;0.0
3;15900;SNACKPACK_RASPBERRY;10179;31;10176;44;;;10196;31;10198;44;;;10187.5;0.0
3;16000;SNACKPACK_RASPBERRY;10166;33;10164;51;;;10183;33;10185;51;;;10174.5;0.0
3;16100;SNACKPACK_RASPBERRY;10172;28;10170;49;;;10190;28;10192;49;;;10181.0;0.0
3;16200;SNACKPACK_RASPBERRY;10172;26;10170;52;;;10189;26;10191;52;;;10180.5;0.0
3;16300;SNACKPACK_RASPBERRY;10175;25;10173;55;;;10193;25;10195;55;;;10184.0;0.0
3;16400;SNACKPACK_RASPBERRY;10175;32;10173;40;;;10192;32;10194;40;;;10183.5;0.0
3;16500;SNACKPACK_RASPBERRY;10188;33;10186;60;;;10206;33;10208;60;;;10197.0;0.0
3;16600;SNACKPACK_RASPBERRY;10186;30;10184;43;;;10204;30;10206;43;;;10195.0;0.0
3;16700;SNACKPACK_RASPBERRY;10199;23;10197;52;;;10217;23;10219;52;;;10208.0;0.0
3;16800;SNACKPACK_RASPBERRY;10197;37;10195;55;;;10214;37;10216;55;;;10205.5;0.0
3;16900;SNACKPACK_RASPBERRY;10190;27;10188;52;;;10207;27;10209;52;;;10198.5;0.0
3;17000;SNACKPACK_RASPBERRY;10190;38;10188;47;;;10208;38;10210;47;;;10199.0;0.0
3;17100;SNACKPACK_RASPBERRY;10197;32;10195;40;;;10214;32;10216;40;;;10205.5;0.0
3;17200;SNACKPACK_RASPBERRY;10191;24;10189;42;;;10209;24;10211;42;;;10200.0;0.0
3;17300;SNACKPACK_RASPBERRY;10203;20;10201;58;;;10221;20;10223;58;;;10212.0;0.0
3;17400;SNACKPACK_RASPBERRY;10207;32;10205;59;;;10224;32;10226;59;;;10215.5;0.0
3;17500;SNACKPACK_RASPBERRY;10205;33;10203;55;;;10222;33;10224;55;;;10213.5;0.0
3;17600;SNACKPACK_RASPBERRY;10209;28;10207;51;;;10227;28;10229;51;;;10218.0;0.0
3;17700;SNACKPACK_RASPBERRY;10216;29;10214;54;;;10233;29;10235;54;;;10224.5;0.0
3;17800;SNACKPACK_RASPBERRY;10214;32;10212;48;;;10231;32;10233;48;;;10222.5;0.0
3;17900;SNACKPACK_RASPBERRY;10210;34;10208;60;;;10227;34;10229;60;;;10218.5;0.0
3;18000;SNACKPACK_RASPBERRY;10204;34;10202;45;;;10222;34;10224;45;;;10213.0;0.0
3;18100;SNACKPACK_RASPBERRY;10209;20;10207;54;;;10227;20;10229;54;;;10218.0;0.0
3;18200;SNACKPACK_RASPBERRY;10213;30;10211;49;;;10230;30;10232;49;;;10221.5;0.0
3;18300;SNACKPACK_RASPBERRY;10211;23;10209;41;;;10229;23;10231;41;;;10220.0;0.0
3;18400;SNACKPACK_RASPBERRY;10202;38;10200;53;;;10219;38;10221;53;;;10210.5;0.0
3;18500;SNACKPACK_RASPBERRY;10205;35;10203;54;;;10223;35;10225;54;;;10214.0;0.0
3;18600;SNACKPACK_RASPBERRY;10198;29;10196;60;;;10215;29;10217;60;;;10206.5;0.0
3;18700;SNACKPACK_RASPBERRY;10185;20;10183;50;;;10193;2;10202;20;10204;50;10189.0;0.0
3;18800;SNACKPACK_RASPBERRY;10191;36;10189;59;;;10208;36;10210;59;;;10199.5;0.0
3;18900;SNACKPACK_RASPBERRY;10188;20;10186;47;;;10206;20;10208;47;;;10197.0;0.0
3;19000;SNACKPACK_RASPBERRY;10187;21;10185;55;;;10205;21;10207;55;;;10196.0;0.0
3;19100;SNACKPACK_RASPBERRY;10199;30;10197;57;;;10217;30;10219;57;;;10208.0;0.0
3;19200;SNACKPACK_RASPBERRY;10218;4;10210;40;10208;40;10227;40;10229;40;;;10222.5;0.0
3;19300;SNACKPACK_RASPBERRY;10207;37;10205;54;;;10224;37;10226;54;;;10215.5;0.0
3;19400;SNACKPACK_RASPBERRY;10206;30;10204;42;;;10224;30;10226;42;;;10215.0;0.0
3;19500;SNACKPACK_RASPBERRY;10215;2;10206;40;10204;56;10224;40;10226;56;;;10219.5;0.0
3;19600;SNACKPACK_RASPBERRY;10198;34;10196;46;;;10216;34;10218;46;;;10207.0;0.0
3;19700;SNACKPACK_RASPBERRY;10181;37;10179;51;;;10199;37;10201;51;;;10190.0;0.0
3;19800;SNACKPACK_RASPBERRY;10191;27;10189;47;;;10208;27;10210;47;;;10199.5;0.0
3;19900;SNACKPACK_RASPBERRY;10179;27;10177;60;;;10197;27;10199;60;;;10188.0;0.0
3;20000;SNACKPACK_RASPBERRY;10174;34;10171;44;;;10191;34;10193;44;;;10182.5;0.0
3;20100;SNACKPACK_RASPBERRY;10160;31;10158;54;;;10177;31;10179;54;;;10168.5;0.0
3;20200;SNACKPACK_RASPBERRY;10172;39;10170;60;;;10189;39;10191;60;;;10180.5;0.0
3;20300;SNACKPACK_RASPBERRY;10168;28;10166;51;;;10186;28;10188;51;;;10177.0;0.0
3;20400;SNACKPACK_RASPBERRY;10165;24;10163;56;;;10182;24;10184;56;;;10173.5;0.0
3;20500;SNACKPACK_RASPBERRY;10163;20;10160;54;;;10180;20;10182;54;;;10171.5;0.0
3;20600;SNACKPACK_RASPBERRY;10174;20;10172;40;;;10192;20;10194;40;;;10183.0;0.0
3;20700;SNACKPACK_RASPBERRY;10173;32;10171;58;;;10191;32;10193;58;;;10182.0;0.0
3;20800;SNACKPACK_RASPBERRY;10166;39;10164;40;;;10183;39;10185;40;;;10174.5;0.0
3;20900;SNACKPACK_RASPBERRY;10175;26;10173;60;;;10193;26;10195;60;;;10184.0;0.0
3;21000;SNACKPACK_RASPBERRY;10186;40;10184;47;;;10204;40;10206;47;;;10195.0;0.0
3;21100;SNACKPACK_RASPBERRY;10177;39;10175;59;;;10194;39;10196;59;;;10185.5;0.0
3;21200;SNACKPACK_RASPBERRY;10184;35;10182;57;;;10202;35;10204;57;;;10193.0;0.0
3;21300;SNACKPACK_RASPBERRY;10195;29;10193;43;;;10213;29;10215;43;;;10204.0;0.0
3;21400;SNACKPACK_RASPBERRY;10192;29;10190;49;;;10210;29;10212;49;;;10201.0;0.0
3;21500;SNACKPACK_RASPBERRY;10195;28;10193;47;;;10212;28;10214;47;;;10203.5;0.0
3;21600;SNACKPACK_RASPBERRY;10183;24;10181;46;;;10201;24;10203;46;;;10192.0;0.0
3;21700;SNACKPACK_RASPBERRY;10178;34;10176;41;;;10195;34;10197;41;;;10186.5;0.0
3;21800;SNACKPACK_RASPBERRY;10169;34;10167;59;;;10187;34;10189;59;;;10178.0;0.0
3;21900;SNACKPACK_RASPBERRY;10172;33;10170;58;;;10190;33;10192;58;;;10181.0;0.0
3;22000;SNACKPACK_RASPBERRY;10168;25;10166;50;;;10185;25;10187;50;;;10176.5;0.0
3;22100;SNACKPACK_RASPBERRY;10170;22;10168;47;;;10187;22;10189;47;;;10178.5;0.0
3;22200;SNACKPACK_RASPBERRY;10159;29;10157;40;;;10176;29;10178;40;;;10167.5;0.0
3;22300;SNACKPACK_RASPBERRY;10159;4;10151;30;10149;50;10168;30;10170;50;;;10163.5;0.0
3;22400;SNACKPACK_RASPBERRY;10155;20;10153;51;;;10172;20;10174;51;;;10163.5;0.0
3;22500;SNACKPACK_RASPBERRY;10157;6;10149;34;10147;50;10167;34;10169;50;;;10162.0;0.0
3;22600;SNACKPACK_RASPBERRY;10159;37;10157;40;;;10176;37;10178;40;;;10167.5;0.0
3;22700;SNACKPACK_RASPBERRY;10148;28;10146;43;;;10166;28;10168;43;;;10157.0;0.0
3;22800;SNACKPACK_RASPBERRY;10154;27;10152;42;;;10172;27;10174;42;;;10163.0;0.0
3;22900;SNACKPACK_RASPBERRY;10149;34;10147;58;;;10167;34;10169;58;;;10158.0;0.0
3;23000;SNACKPACK_RASPBERRY;10160;26;10158;47;;;10178;26;10180;47;;;10169.0;0.0
3;23100;SNACKPACK_RASPBERRY;10163;33;10161;57;;;10181;33;10183;57;;;10172.0;0.0
3;23200;SNACKPACK_RASPBERRY;10165;31;10163;55;;;10182;31;10184;55;;;10173.5;0.0
3;23300;SNACKPACK_RASPBERRY;10172;24;10170;54;;;10190;24;10192;54;;;10181.0;0.0
3;23400;SNACKPACK_RASPBERRY;10183;24;10181;40;;;10200;24;10202;40;;;10191.5;0.0
3;23500;SNACKPACK_RASPBERRY;10185;30;10183;45;;;10203;30;10205;45;;;10194.0;0.0
3;23600;SNACKPACK_RASPBERRY;10194;28;10192;47;;;10211;28;10213;47;;;10202.5;0.0
3;23700;SNACKPACK_RASPBERRY;10192;32;10190;58;;;10210;32;10212;58;;;10201.0;0.0
3;23800;SNACKPACK_RASPBERRY;10201;34;10199;47;;;10219;34;10221;47;;;10210.0;0.0
3;23900;SNACKPACK_RASPBERRY;10196;21;10194;58;;;10204;2;10213;21;10215;58;10200.0;0.0
3;24000;SNACKPACK_RASPBERRY;10203;27;10201;57;;;10220;27;10222;57;;;10211.5;0.0
3;24100;SNACKPACK_RASPBERRY;10205;22;10203;55;;;10222;22;10225;55;;;10213.5;0.0
3;24200;SNACKPACK_RASPBERRY;10206;35;10204;46;;;10223;35;10225;46;;;10214.5;0.0
3;24300;SNACKPACK_RASPBERRY;10202;30;10200;52;;;10219;30;10221;52;;;10210.5;0.0
3;24400;SNACKPACK_RASPBERRY;10211;37;10209;47;;;10228;37;10230;47;;;10219.5;0.0
3;24500;SNACKPACK_RASPBERRY;10209;36;10207;52;;;10217;5;10226;36;10229;52;10213.0;0.0
3;24600;SNACKPACK_RASPBERRY;10204;32;10202;51;;;10221;32;10223;51;;;10212.5;0.0
3;24700;SNACKPACK_RASPBERRY;10186;30;10184;56;;;10204;30;10206;56;;;10195.0;0.0
3;24800;SNACKPACK_RASPBERRY;10186;30;10184;54;;;10203;30;10205;54;;;10194.5;0.0
3;24900;SNACKPACK_RASPBERRY;10193;22;10191;54;;;10211;22;10213;54;;;10202.0;0.0
3;25000;SNACKPACK_RASPBERRY;10185;24;10183;47;;;10202;24;10204;47;;;10193.5;0.0
3;25100;SNACKPACK_RASPBERRY;10174;34;10172;42;;;10191;34;10193;42;;;10182.5;0.0
3;25200;SNACKPACK_RASPBERRY;10161;24;10159;58;;;10178;24;10180;58;;;10169.5;0.0
3;25300;SNACKPACK_RASPBERRY;10154;38;10152;57;;;10171;38;10173;57;;;10162.5;0.0
3;25400;SNACKPACK_RASPBERRY;10161;36;10159;43;;;10178;36;10180;43;;;10169.5;0.0
3;25500;SNACKPACK_RASPBERRY;10167;31;10165;41;;;10184;31;10186;41;;;10175.5;0.0
3;25600;SNACKPACK_RASPBERRY;10180;40;10178;54;;;10189;3;10198;40;10200;54;10184.5;0.0
3;25700;SNACKPACK_RASPBERRY;10171;38;10169;57;;;10188;38;10190;57;;;10179.5;0.0
3;25800;SNACKPACK_RASPBERRY;10192;39;10190;58;;;10209;39;10211;58;;;10200.5;0.0
3;25900;SNACKPACK_RASPBERRY;10200;26;10198;57;;;10218;26;10220;57;;;10209.0;0.0
3;26000;SNACKPACK_RASPBERRY;10195;37;10193;51;;;10213;37;10215;51;;;10204.0;0.0
3;26100;SNACKPACK_RASPBERRY;10220;24;10218;43;;;10237;24;10239;43;;;10228.5;0.0
3;26200;SNACKPACK_RASPBERRY;10216;39;10214;57;;;10233;39;10235;57;;;10224.5;0.0
3;26300;SNACKPACK_RASPBERRY;10202;26;10200;44;;;10219;26;10221;44;;;10210.5;0.0
3;26400;SNACKPACK_RASPBERRY;10219;32;10217;52;;;10237;32;10239;52;;;10228.0;0.0
3;26500;SNACKPACK_RASPBERRY;10216;20;10214;59;;;10234;20;10236;59;;;10225.0;0.0
3;26600;SNACKPACK_RASPBERRY;10218;40;10216;57;;;10235;40;10237;57;;;10226.5;0.0
3;26700;SNACKPACK_RASPBERRY;10217;33;10215;57;;;10234;33;10236;57;;;10225.5;0.0
3;26800;SNACKPACK_RASPBERRY;10221;24;10219;48;;;10238;24;10241;48;;;10229.5;0.0
3;26900;SNACKPACK_RASPBERRY;10236;39;10234;41;;;10253;39;10255;41;;;10244.5;0.0
3;27000;SNACKPACK_RASPBERRY;10242;21;10240;54;;;10259;21;10261;54;;;10250.5;0.0
3;27100;SNACKPACK_RASPBERRY;10240;27;10238;42;;;10257;27;10259;42;;;10248.5;0.0
3;27200;SNACKPACK_RASPBERRY;10247;38;10245;40;;;10265;38;10267;40;;;10256.0;0.0
3;27300;SNACKPACK_RASPBERRY;10258;26;10256;47;;;10276;26;10278;47;;;10267.0;0.0
3;27400;SNACKPACK_RASPBERRY;10247;36;10244;52;;;10264;36;10266;52;;;10255.5;0.0
3;27500;SNACKPACK_RASPBERRY;10240;35;10238;48;;;10258;35;10260;48;;;10249.0;0.0
3;27600;SNACKPACK_RASPBERRY;10242;39;10240;45;;;10259;39;10261;45;;;10250.5;0.0
3;27700;SNACKPACK_RASPBERRY;10246;28;10244;46;;;10264;28;10266;46;;;10255.0;0.0
3;27800;SNACKPACK_RASPBERRY;10248;35;10246;51;;;10266;35;10268;51;;;10257.0;0.0
3;27900;SNACKPACK_RASPBERRY;10245;26;10243;46;;;10262;26;10264;46;;;10253.5;0.0
3;28000;SNACKPACK_RASPBERRY;10249;32;10247;44;;;10267;32;10269;44;;;10258.0;0.0
3;28100;SNACKPACK_RASPBERRY;10255;38;10253;55;;;10272;38;10275;55;;;10263.5;0.0
3;28200;SNACKPACK_RASPBERRY;10246;36;10243;51;;;10263;36;10265;51;;;10254.5;0.0
3;28300;SNACKPACK_RASPBERRY;10243;23;10241;54;;;10260;23;10262;54;;;10251.5;0.0
3;28400;SNACKPACK_RASPBERRY;10239;3;10231;40;10229;40;10249;40;10251;40;;;10244.0;0.0
3;28500;SNACKPACK_RASPBERRY;10221;28;10219;40;;;10238;28;10240;40;;;10229.5;0.0
3;28600;SNACKPACK_RASPBERRY;10221;38;10219;48;;;10239;38;10241;48;;;10230.0;0.0
3;28700;SNACKPACK_RASPBERRY;10225;22;10223;40;;;10242;22;10245;40;;;10233.5;0.0
3;28800;SNACKPACK_RASPBERRY;10235;35;10233;57;;;10252;35;10254;57;;;10243.5;0.0
3;28900;SNACKPACK_RASPBERRY;10225;27;10223;44;;;10242;27;10244;44;;;10233.5;0.0
3;29000;SNACKPACK_RASPBERRY;10214;20;10212;50;;;10231;20;10233;50;;;10222.5;0.0
3;29100;SNACKPACK_RASPBERRY;10204;23;10202;54;;;10221;23;10223;54;;;10212.5;0.0
3;29200;SNACKPACK_RASPBERRY;10210;24;10208;52;;;10227;24;10229;52;;;10218.5;0.0
3;29300;SNACKPACK_RASPBERRY;10203;38;10201;50;;;10220;38;10222;50;;;10211.5;0.0
3;29400;SNACKPACK_RASPBERRY;10194;30;10192;51;;;10211;30;10214;51;;;10202.5;0.0
3;29500;SNACKPACK_RASPBERRY;10192;30;10190;43;;;10209;30;10211;43;;;10200.5;0.0
3;29600;SNACKPACK_RASPBERRY;10196;24;10194;42;;;10213;24;10215;42;;;10204.5;0.0
3;29700;SNACKPACK_RASPBERRY;10203;33;10201;40;;;10221;33;10223;40;;;10212.0;0.0
3;29800;SNACKPACK_RASPBERRY;10200;21;10198;53;;;10217;21;10219;53;;;10208.5;0.0
3;29900;SNACKPACK_RASPBERRY;10199;27;10197;48;;;10216;27;10219;48;;;10207.5;0.0
3;30000;SNACKPACK_RASPBERRY;10206;39;10204;46;;;10223;39;10225;46;;;10214.5;0.0
3;30100;SNACKPACK_RASPBERRY;10207;25;10205;51;;;10224;25;10226;51;;;10215.5;0.0
3;30200;SNACKPACK_RASPBERRY;10219;20;10217;59;;;10237;20;10239;59;;;10228.0;0.0
3;30300;SNACKPACK_RASPBERRY;10215;38;10213;60;;;10233;38;10235;60;;;10224.0;0.0
3;30400;SNACKPACK_RASPBERRY;10226;27;10224;49;;;10243;27;10245;49;;;10234.5;0.0
3;30500;SNACKPACK_RASPBERRY;10219;26;10217;42;;;10236;26;10238;42;;;10227.5;0.0
3;30600;SNACKPACK_RASPBERRY;10224;30;10222;45;;;10241;30;10243;45;;;10232.5;0.0
3;30700;SNACKPACK_RASPBERRY;10225;20;10223;49;;;10242;20;10244;49;;;10233.5;0.0
3;30800;SNACKPACK_RASPBERRY;10214;35;10212;57;;;10232;35;10234;57;;;10223.0;0.0
3;30900;SNACKPACK_RASPBERRY;10215;23;10213;46;;;10232;23;10234;46;;;10223.5;0.0
3;31000;SNACKPACK_RASPBERRY;10222;33;10219;53;;;10239;33;10241;53;;;10230.5;0.0
3;31100;SNACKPACK_RASPBERRY;10223;24;10220;60;;;10240;24;10242;60;;;10231.5;0.0
3;31200;SNACKPACK_RASPBERRY;10229;25;10227;49;;;10246;25;10248;49;;;10237.5;0.0
3;31300;SNACKPACK_RASPBERRY;10223;24;10221;48;;;10231;3;10240;24;10242;48;10227.0;0.0
3;31400;SNACKPACK_RASPBERRY;10222;21;10220;42;;;10240;21;10242;42;;;10231.0;0.0
3;31500;SNACKPACK_RASPBERRY;10223;33;10221;53;;;10241;33;10243;53;;;10232.0;0.0
3;31600;SNACKPACK_RASPBERRY;10235;33;10233;56;;;10252;33;10255;56;;;10243.5;0.0
3;31700;SNACKPACK_RASPBERRY;10254;36;10252;50;;;10271;36;10273;50;;;10262.5;0.0
3;31800;SNACKPACK_RASPBERRY;10247;37;10245;50;;;10264;37;10266;50;;;10255.5;0.0
3;31900;SNACKPACK_RASPBERRY;10246;33;10244;46;;;10264;33;10266;46;;;10255.0;0.0
3;32000;SNACKPACK_RASPBERRY;10248;39;10246;59;;;10265;39;10267;59;;;10256.5;0.0
3;32100;SNACKPACK_RASPBERRY;10242;38;10240;47;;;10259;38;10261;47;;;10250.5;0.0
3;32200;SNACKPACK_RASPBERRY;10251;23;10249;59;;;10268;23;10270;59;;;10259.5;0.0
3;32300;SNACKPACK_RASPBERRY;10246;37;10244;60;;;10264;37;10266;60;;;10255.0;0.0
3;32400;SNACKPACK_RASPBERRY;10241;22;10239;54;;;10258;22;10260;54;;;10249.5;0.0
3;32500;SNACKPACK_RASPBERRY;10235;29;10233;52;;;10253;29;10255;52;;;10244.0;0.0
3;32600;SNACKPACK_RASPBERRY;10234;38;10232;53;;;10251;38;10253;53;;;10242.5;0.0
3;32700;SNACKPACK_RASPBERRY;10237;27;10235;49;;;10254;27;10256;49;;;10245.5;0.0
3;32800;SNACKPACK_RASPBERRY;10232;36;10230;57;;;10250;36;10252;57;;;10241.0;0.0
3;32900;SNACKPACK_RASPBERRY;10245;38;10243;45;;;10263;38;10265;45;;;10254.0;0.0
3;33000;SNACKPACK_RASPBERRY;10237;39;10235;44;;;10255;39;10257;44;;;10246.0;0.0
3;33100;SNACKPACK_RASPBERRY;10235;30;10233;60;;;10252;30;10254;60;;;10243.5;0.0
3;33200;SNACKPACK_RASPBERRY;10226;35;10224;58;;;10243;35;10245;58;;;10234.5;0.0
3;33300;SNACKPACK_RASPBERRY;10231;32;10229;40;;;10248;32;10250;40;;;10239.5;0.0
3;33400;SNACKPACK_RASPBERRY;10238;22;10235;45;;;10255;22;10257;45;;;10246.5;0.0
3;33500;SNACKPACK_RASPBERRY;10224;32;10222;48;;;10242;32;10244;48;;;10233.0;0.0
3;33600;SNACKPACK_RASPBERRY;10216;20;10214;48;;;10233;20;10235;48;;;10224.5;0.0
3;33700;SNACKPACK_RASPBERRY;10246;23;10243;52;;;10263;23;10265;52;;;10254.5;0.0
3;33800;SNACKPACK_RASPBERRY;10239;32;10237;58;;;10257;32;10259;58;;;10248.0;0.0
3;33900;SNACKPACK_RASPBERRY;10232;30;10230;40;;;10240;3;10249;30;10251;40;10236.0;0.0
3;34000;SNACKPACK_RASPBERRY;10242;33;10240;47;;;10260;33;10262;47;;;10251.0;0.0
3;34100;SNACKPACK_RASPBERRY;10232;40;10230;43;;;10249;40;10251;43;;;10240.5;0.0
3;34200;SNACKPACK_RASPBERRY;10236;6;10228;25;10226;57;10245;25;10248;57;;;10240.5;0.0
3;34300;SNACKPACK_RASPBERRY;10215;24;10213;50;;;10232;24;10234;50;;;10223.5;0.0
3;34400;SNACKPACK_RASPBERRY;10207;27;10205;47;;;10225;27;10227;47;;;10216.0;0.0
3;34500;SNACKPACK_RASPBERRY;10203;40;10201;59;;;10220;40;10222;59;;;10211.5;0.0
3;34600;SNACKPACK_RASPBERRY;10195;21;10193;60;;;10213;21;10215;60;;;10204.0;0.0
3;34700;SNACKPACK_RASPBERRY;10193;20;10191;54;;;10210;20;10212;54;;;10201.5;0.0
3;34800;SNACKPACK_RASPBERRY;10205;20;10202;43;;;10222;20;10224;43;;;10213.5;0.0
3;34900;SNACKPACK_RASPBERRY;10201;20;10199;60;;;10219;20;10221;60;;;10210.0;0.0
3;35000;SNACKPACK_RASPBERRY;10209;39;10207;58;;;10227;39;10229;58;;;10218.0;0.0
3;35100;SNACKPACK_RASPBERRY;10203;22;10201;41;;;10211;2;10220;22;10222;41;10207.0;0.0
3;35200;SNACKPACK_RASPBERRY;10194;36;10192;48;;;10211;36;10214;48;;;10202.5;0.0
3;35300;SNACKPACK_RASPBERRY;10193;32;10190;59;;;10210;32;10212;59;;;10201.5;0.0
3;35400;SNACKPACK_RASPBERRY;10193;30;10191;58;;;10210;30;10212;58;;;10201.5;0.0
3;35500;SNACKPACK_RASPBERRY;10188;21;10186;40;;;10196;5;10205;21;10207;40;10192.0;0.0
3;35600;SNACKPACK_RASPBERRY;10198;24;10196;45;;;10215;24;10217;45;;;10206.5;0.0
3;35700;SNACKPACK_RASPBERRY;10212;32;10210;55;;;10229;32;10231;55;;;10220.5;0.0
3;35800;SNACKPACK_RASPBERRY;10216;28;10213;52;;;10233;28;10235;52;;;10224.5;0.0
3;35900;SNACKPACK_RASPBERRY;10226;39;10224;44;;;10243;39;10245;44;;;10234.5;0.0
3;36000;SNACKPACK_RASPBERRY;10225;21;10223;40;;;10242;21;10244;40;;;10233.5;0.0
3;36100;SNACKPACK_RASPBERRY;10221;40;10219;47;;;10238;40;10240;47;;;10229.5;0.0
3;36200;SNACKPACK_RASPBERRY;10226;29;10224;45;;;10243;29;10245;45;;;10234.5;0.0
3;36300;SNACKPACK_RASPBERRY;10221;30;10219;49;;;10238;30;10240;49;;;10229.5;0.0
3;36400;SNACKPACK_RASPBERRY;10226;34;10224;46;;;10243;34;10245;46;;;10234.5;0.0
3;36500;SNACKPACK_RASPBERRY;10223;39;10221;56;;;10241;39;10243;56;;;10232.0;0.0
3;36600;SNACKPACK_RASPBERRY;10232;24;10230;48;;;10249;24;10251;48;;;10240.5;0.0
3;36700;SNACKPACK_RASPBERRY;10239;33;10237;56;;;10257;33;10259;56;;;10248.0;0.0
3;36800;SNACKPACK_RASPBERRY;10244;32;10242;46;;;10261;32;10263;46;;;10252.5;0.0
3;36900;SNACKPACK_RASPBERRY;10235;27;10233;48;;;10252;27;10254;48;;;10243.5;0.0
3;37000;SNACKPACK_RASPBERRY;10230;39;10228;47;;;10247;39;10249;47;;;10238.5;0.0
3;37100;SNACKPACK_RASPBERRY;10233;22;10231;47;;;10242;3;10251;22;10253;47;10237.5;0.0
3;37200;SNACKPACK_RASPBERRY;10241;33;10239;51;;;10258;33;10260;51;;;10249.5;0.0
3;37300;SNACKPACK_RASPBERRY;10255;26;10253;59;;;10272;26;10274;59;;;10263.5;0.0
3;37400;SNACKPACK_RASPBERRY;10243;27;10241;55;;;10261;27;10263;55;;;10252.0;0.0
3;37500;SNACKPACK_RASPBERRY;10239;39;10237;52;;;10256;39;10258;52;;;10247.5;0.0
3;37600;SNACKPACK_RASPBERRY;10237;30;10235;47;;;10255;30;10257;47;;;10246.0;0.0
3;37700;SNACKPACK_RASPBERRY;10242;32;10240;51;;;10259;32;10262;51;;;10250.5;0.0
3;37800;SNACKPACK_RASPBERRY;10253;21;10251;51;;;10271;21;10273;51;;;10262.0;0.0
3;37900;SNACKPACK_RASPBERRY;10250;21;10248;50;;;10267;21;10269;50;;;10258.5;0.0
3;38000;SNACKPACK_RASPBERRY;10241;29;10239;58;;;10258;29;10260;58;;;10249.5;0.0
3;38100;SNACKPACK_RASPBERRY;10243;31;10241;52;;;10261;31;10263;52;;;10252.0;0.0
3;38200;SNACKPACK_RASPBERRY;10247;23;10245;52;;;10264;23;10266;52;;;10255.5;0.0
3;38300;SNACKPACK_RASPBERRY;10251;34;10249;59;;;10269;34;10271;59;;;10260.0;0.0
3;38400;SNACKPACK_RASPBERRY;10252;26;10250;52;;;10260;4;10270;26;10272;52;10256.0;0.0
3;38500;SNACKPACK_RASPBERRY;10252;38;10250;46;;;10269;38;10271;46;;;10260.5;0.0
3;38600;SNACKPACK_RASPBERRY;10269;23;10267;40;;;10277;5;10286;23;10288;40;10273.0;0.0
3;38700;SNACKPACK_RASPBERRY;10274;28;10272;52;;;10291;28;10293;52;;;10282.5;0.0
3;38800;SNACKPACK_RASPBERRY;10265;30;10263;59;;;10282;30;10284;59;;;10273.5;0.0
3;38900;SNACKPACK_RASPBERRY;10265;31;10263;59;;;10282;31;10284;59;;;10273.5;0.0
3;39000;SNACKPACK_RASPBERRY;10262;27;10260;59;;;10280;27;10282;59;;;10271.0;0.0
3;39100;SNACKPACK_RASPBERRY;10261;30;10259;59;;;10279;30;10281;59;;;10270.0;0.0
3;39200;SNACKPACK_RASPBERRY;10257;36;10255;59;;;10275;36;10277;59;;;10266.0;0.0
3;39300;SNACKPACK_RASPBERRY;10253;40;10251;47;;;10271;40;10273;47;;;10262.0;0.0
3;39400;SNACKPACK_RASPBERRY;10252;36;10250;54;;;10269;36;10271;54;;;10260.5;0.0
3;39500;SNACKPACK_RASPBERRY;10247;27;10245;40;;;10264;27;10266;40;;;10255.5;0.0
3;39600;SNACKPACK_RASPBERRY;10252;24;10250;53;;;10269;24;10271;53;;;10260.5;0.0
3;39700;SNACKPACK_RASPBERRY;10254;28;10252;59;;;10271;28;10273;59;;;10262.5;0.0
3;39800;SNACKPACK_RASPBERRY;10250;31;10248;54;;;10267;31;10269;54;;;10258.5;0.0
3;39900;SNACKPACK_RASPBERRY;10267;26;10265;41;;;10285;26;10287;41;;;10276.0;0.0
3;40000;SNACKPACK_RASPBERRY;10271;32;10269;60;;;10288;32;10290;60;;;10279.5;0.0
3;40100;SNACKPACK_RASPBERRY;10251;25;10249;51;;;10268;25;10270;51;;;10259.5;0.0
3;40200;SNACKPACK_RASPBERRY;10258;36;10256;59;;;10276;36;10278;59;;;10267.0;0.0
3;40300;SNACKPACK_RASPBERRY;10262;38;10260;52;;;10280;38;10282;52;;;10271.0;0.0
3;40400;SNACKPACK_RASPBERRY;10270;37;10268;60;;;10287;37;10289;60;;;10278.5;0.0
3;40500;SNACKPACK_RASPBERRY;10278;32;10276;44;;;10295;32;10297;44;;;10286.5;0.0
3;40600;SNACKPACK_RASPBERRY;10280;36;10278;46;;;10298;36;10300;46;;;10289.0;0.0
3;40700;SNACKPACK_RASPBERRY;10291;27;10289;60;;;10308;27;10310;60;;;10299.5;0.0
3;40800;SNACKPACK_RASPBERRY;10291;37;10289;49;;;10309;37;10311;49;;;10300.0;0.0
3;40900;SNACKPACK_RASPBERRY;10277;34;10275;48;;;10294;34;10296;48;;;10285.5;0.0
3;41000;SNACKPACK_RASPBERRY;10268;36;10266;52;;;10285;36;10287;52;;;10276.5;0.0
3;41100;SNACKPACK_RASPBERRY;10271;37;10269;50;;;10288;37;10290;50;;;10279.5;0.0
3;41200;SNACKPACK_RASPBERRY;10272;20;10270;47;;;10289;20;10291;47;;;10280.5;0.0
3;41300;SNACKPACK_RASPBERRY;10268;24;10266;48;;;10285;24;10287;48;;;10276.5;0.0
3;41400;SNACKPACK_RASPBERRY;10266;33;10263;46;;;10283;33;10285;46;;;10274.5;0.0
3;41500;SNACKPACK_RASPBERRY;10266;31;10264;44;;;10283;31;10285;44;;;10274.5;0.0
3;41600;SNACKPACK_RASPBERRY;10269;23;10267;52;;;10287;23;10289;52;;;10278.0;0.0
3;41700;SNACKPACK_RASPBERRY;10259;27;10257;59;;;10277;27;10279;59;;;10268.0;0.0
3;41800;SNACKPACK_RASPBERRY;10250;35;10248;51;;;10268;35;10270;51;;;10259.0;0.0
3;41900;SNACKPACK_RASPBERRY;10251;39;10249;45;;;10269;39;10271;45;;;10260.0;0.0
3;42000;SNACKPACK_RASPBERRY;10245;36;10243;58;;;10262;36;10264;58;;;10253.5;0.0
3;42100;SNACKPACK_RASPBERRY;10228;40;10226;45;;;10246;40;10248;45;;;10237.0;0.0
3;42200;SNACKPACK_RASPBERRY;10229;25;10227;43;;;10246;25;10249;43;;;10237.5;0.0
3;42300;SNACKPACK_RASPBERRY;10242;33;10240;60;;;10259;33;10262;60;;;10250.5;0.0
3;42400;SNACKPACK_RASPBERRY;10246;29;10244;56;;;10263;29;10265;56;;;10254.5;0.0
3;42500;SNACKPACK_RASPBERRY;10243;20;10240;51;;;10260;20;10262;51;;;10251.5;0.0
3;42600;SNACKPACK_RASPBERRY;10232;25;10230;53;;;10249;25;10251;53;;;10240.5;0.0
3;42700;SNACKPACK_RASPBERRY;10227;32;10225;54;;;10244;32;10246;54;;;10235.5;0.0
3;42800;SNACKPACK_RASPBERRY;10226;39;10224;60;;;10243;39;10245;60;;;10234.5;0.0
3;42900;SNACKPACK_RASPBERRY;10215;30;10213;56;;;10233;30;10235;56;;;10224.0;0.0
3;43000;SNACKPACK_RASPBERRY;10209;34;10206;44;;;10226;34;10228;44;;;10217.5;0.0
3;43100;SNACKPACK_RASPBERRY;10205;24;10203;60;;;10222;24;10225;60;;;10213.5;0.0
3;43200;SNACKPACK_RASPBERRY;10200;28;10198;42;;;10217;28;10219;42;;;10208.5;0.0
3;43300;SNACKPACK_RASPBERRY;10193;20;10191;51;;;10210;20;10212;51;;;10201.5;0.0
3;43400;SNACKPACK_RASPBERRY;10189;20;10187;41;;;10206;20;10208;41;;;10197.5;0.0
3;43500;SNACKPACK_RASPBERRY;10208;29;10206;56;;;10225;29;10228;56;;;10216.5;0.0
3;43600;SNACKPACK_RASPBERRY;10199;37;10197;60;;;10216;37;10218;60;;;10207.5;0.0
3;43700;SNACKPACK_RASPBERRY;10199;34;10197;44;;;10217;34;10219;44;;;10208.0;0.0
3;43800;SNACKPACK_RASPBERRY;10193;30;10191;50;;;10210;30;10212;50;;;10201.5;0.0
3;43900;SNACKPACK_RASPBERRY;10185;28;10183;40;;;10203;28;10205;40;;;10194.0;0.0
3;44000;SNACKPACK_RASPBERRY;10179;25;10177;44;;;10196;25;10198;44;;;10187.5;0.0
3;44100;SNACKPACK_RASPBERRY;10179;32;10177;57;;;10196;32;10198;57;;;10187.5;0.0
3;44200;SNACKPACK_RASPBERRY;10170;24;10168;44;;;10188;24;10190;44;;;10179.0;0.0
3;44300;SNACKPACK_RASPBERRY;10173;28;10171;47;;;10190;28;10192;47;;;10181.5;0.0
3;44400;SNACKPACK_RASPBERRY;10189;33;10187;51;;;10206;33;10208;51;;;10197.5;0.0
3;44500;SNACKPACK_RASPBERRY;10201;25;10199;59;;;10218;25;10220;59;;;10209.5;0.0
3;44600;SNACKPACK_RASPBERRY;10210;33;10208;52;;;10228;33;10230;52;;;10219.0;0.0
3;44700;SNACKPACK_RASPBERRY;10200;34;10198;41;;;10217;34;10219;41;;;10208.5;0.0
3;44800;SNACKPACK_RASPBERRY;10201;29;10199;60;;;10218;29;10220;60;;;10209.5;0.0
3;44900;SNACKPACK_RASPBERRY;10211;36;10209;59;;;10228;36;10230;59;;;10219.5;0.0
3;45000;SNACKPACK_RASPBERRY;10214;23;10212;56;;;10231;23;10233;56;;;10222.5;0.0
3;45100;SNACKPACK_RASPBERRY;10200;32;10198;53;;;10218;32;10220;53;;;10209.0;0.0
3;45200;SNACKPACK_RASPBERRY;10186;20;10184;58;;;10203;20;10205;58;;;10194.5;0.0
3;45300;SNACKPACK_RASPBERRY;10187;23;10185;42;;;10204;23;10206;42;;;10195.5;0.0
3;45400;SNACKPACK_RASPBERRY;10174;27;10172;41;;;10192;27;10194;41;;;10183.0;0.0
3;45500;SNACKPACK_RASPBERRY;10149;31;10147;48;;;10167;31;10169;48;;;10158.0;0.0
3;45600;SNACKPACK_RASPBERRY;10135;33;10133;56;;;10153;33;10155;56;;;10144.0;0.0
3;45700;SNACKPACK_RASPBERRY;10141;28;10139;42;;;10158;28;10160;42;;;10149.5;0.0
3;45800;SNACKPACK_RASPBERRY;10144;32;10142;42;;;10162;32;10164;42;;;10153.0;0.0
3;45900;SNACKPACK_RASPBERRY;10150;31;10148;51;;;10167;31;10169;51;;;10158.5;0.0
3;46000;SNACKPACK_RASPBERRY;10163;29;10161;51;;;10180;29;10182;51;;;10171.5;0.0
3;46100;SNACKPACK_RASPBERRY;10159;33;10157;49;;;10176;33;10178;49;;;10167.5;0.0
3;46200;SNACKPACK_RASPBERRY;10157;35;10155;40;;;10174;35;10176;40;;;10165.5;0.0
3;46300;SNACKPACK_RASPBERRY;10158;29;10156;40;;;10176;29;10178;40;;;10167.0;0.0
3;46400;SNACKPACK_RASPBERRY;10158;35;10155;53;;;10175;35;10177;53;;;10166.5;0.0
3;46500;SNACKPACK_RASPBERRY;10153;37;10151;60;;;10170;37;10173;60;;;10161.5;0.0
3;46600;SNACKPACK_RASPBERRY;10142;21;10140;53;;;10160;21;10162;53;;;10151.0;0.0
3;46700;SNACKPACK_RASPBERRY;10142;27;10140;47;;;10159;27;10161;47;;;10150.5;0.0
3;46800;SNACKPACK_RASPBERRY;10145;24;10143;51;;;10162;24;10164;51;;;10153.5;0.0
3;46900;SNACKPACK_RASPBERRY;10155;23;10153;45;;;10172;23;10174;45;;;10163.5;0.0
3;47000;SNACKPACK_RASPBERRY;10150;22;10148;40;;;10167;22;10169;40;;;10158.5;0.0
3;47100;SNACKPACK_RASPBERRY;10155;34;10153;59;;;10172;34;10174;59;;;10163.5;0.0
3;47200;SNACKPACK_RASPBERRY;10144;34;10142;49;;;10162;34;10164;49;;;10153.0;0.0
3;47300;SNACKPACK_RASPBERRY;10136;31;10134;59;;;10153;31;10155;59;;;10144.5;0.0
3;47400;SNACKPACK_RASPBERRY;10150;36;10148;60;;;10167;36;10169;60;;;10158.5;0.0
3;47500;SNACKPACK_RASPBERRY;10142;21;10140;52;;;10159;21;10161;52;;;10150.5;0.0
3;47600;SNACKPACK_RASPBERRY;10153;38;10151;51;;;10170;38;10172;51;;;10161.5;0.0
3;47700;SNACKPACK_RASPBERRY;10155;26;10152;59;;;10172;26;10174;59;;;10163.5;0.0
3;47800;SNACKPACK_RASPBERRY;10158;22;10156;55;;;10176;22;10178;55;;;10167.0;0.0
3;47900;SNACKPACK_RASPBERRY;10151;26;10149;47;;;10169;26;10171;47;;;10160.0;0.0
3;48000;SNACKPACK_RASPBERRY;10150;38;10148;59;;;10168;38;10170;59;;;10159.0;0.0
3;48100;SNACKPACK_RASPBERRY;10166;23;10164;57;;;10183;23;10185;57;;;10174.5;0.0
3;48200;SNACKPACK_RASPBERRY;10154;32;10152;50;;;10171;32;10174;50;;;10162.5;0.0
3;48300;SNACKPACK_RASPBERRY;10145;27;10143;52;;;10162;27;10164;52;;;10153.5;0.0
3;48400;SNACKPACK_RASPBERRY;10146;24;10144;51;;;10164;24;10166;51;;;10155.0;0.0
3;48500;SNACKPACK_RASPBERRY;10147;24;10145;50;;;10165;24;10167;50;;;10156.0;0.0
3;48600;SNACKPACK_RASPBERRY;10140;36;10138;46;;;10158;36;10160;46;;;10149.0;0.0
3;48700;SNACKPACK_RASPBERRY;10147;25;10145;50;;;10164;25;10166;50;;;10155.5;0.0
3;48800;SNACKPACK_RASPBERRY;10129;25;10127;48;;;10146;25;10148;48;;;10137.5;0.0
3;48900;SNACKPACK_RASPBERRY;10133;33;10131;51;;;10150;33;10152;51;;;10141.5;0.0
3;49000;SNACKPACK_RASPBERRY;10132;33;10130;47;;;10149;33;10151;47;;;10140.5;0.0
3;49100;SNACKPACK_RASPBERRY;10140;30;10138;58;;;10157;30;10159;58;;;10148.5;0.0
3;49200;SNACKPACK_RASPBERRY;10146;37;10144;45;;;10164;37;10166;45;;;10155.0;0.0
3;49300;SNACKPACK_RASPBERRY;10160;23;10158;50;;;10178;23;10180;50;;;10169.0;0.0
3;49400;SNACKPACK_RASPBERRY;10168;34;10166;50;;;10186;34;10188;50;;;10177.0;0.0
3;49500;SNACKPACK_RASPBERRY;10169;35;10167;54;;;10187;35;10189;54;;;10178.0;0.0
3;49600;SNACKPACK_RASPBERRY;10158;23;10156;49;;;10175;23;10177;49;;;10166.5;0.0
3;49700;SNACKPACK_RASPBERRY;10164;29;10162;51;;;10181;29;10183;51;;;10172.5;0.0
3;49800;SNACKPACK_RASPBERRY;10161;23;10158;59;;;10178;23;10180;59;;;10169.5;0.0
3;49900;SNACKPACK_RASPBERRY;10156;31;10154;40;;;10173;31;10175;40;;;10164.5;0.0
3;50000;SNACKPACK_RASPBERRY;10152;32;10150;40;;;10169;32;10171;40;;;10160.5;0.0
3;50100;SNACKPACK_RASPBERRY;10143;24;10141;59;;;10161;24;10163;59;;;10152.0;0.0
3;50200;SNACKPACK_RASPBERRY;10137;23;10135;43;;;10154;23;10157;43;;;10145.5;0.0
3;50300;SNACKPACK_RASPBERRY;10137;31;10135;50;;;10154;31;10156;50;;;10145.5;0.0
3;50400;SNACKPACK_RASPBERRY;10134;39;10132;60;;;10151;39;10153;60;;;10142.5;0.0
3;50500;SNACKPACK_RASPBERRY;10137;32;10135;48;;;10155;32;10157;48;;;10146.0;0.0
3;50600;SNACKPACK_RASPBERRY;10124;28;10122;41;;;10141;28;10143;41;;;10132.5;0.0
3;50700;SNACKPACK_RASPBERRY;10121;21;10119;54;;;10129;5;10138;21;10140;54;10125.0;0.0
3;50800;SNACKPACK_RASPBERRY;10115;25;10113;40;;;10132;25;10134;40;;;10123.5;0.0
3;50900;SNACKPACK_RASPBERRY;10115;37;10113;42;;;10132;37;10134;42;;;10123.5;0.0
3;51000;SNACKPACK_RASPBERRY;10118;35;10116;60;;;10135;35;10137;60;;;10126.5;0.0
3;51100;SNACKPACK_RASPBERRY;10128;35;10126;47;;;10145;35;10147;47;;;10136.5;0.0
3;51200;SNACKPACK_RASPBERRY;10132;20;10130;40;;;10150;20;10152;40;;;10141.0;0.0
3;51300;SNACKPACK_RASPBERRY;10132;27;10130;48;;;10149;27;10151;48;;;10140.5;0.0
3;51400;SNACKPACK_RASPBERRY;10132;40;10130;41;;;10149;40;10151;41;;;10140.5;0.0
3;51500;SNACKPACK_RASPBERRY;10125;29;10123;57;;;10142;29;10144;57;;;10133.5;0.0
3;51600;SNACKPACK_RASPBERRY;10145;40;10143;57;;;10162;40;10165;57;;;10153.5;0.0
3;51700;SNACKPACK_RASPBERRY;10146;27;10144;46;;;10163;27;10165;46;;;10154.5;0.0
3;51800;SNACKPACK_RASPBERRY;10143;39;10141;42;;;10160;39;10162;42;;;10151.5;0.0
3;51900;SNACKPACK_RASPBERRY;10147;30;10145;45;;;10164;30;10166;45;;;10155.5;0.0
3;52000;SNACKPACK_RASPBERRY;10145;39;10143;44;;;10163;39;10165;44;;;10154.0;0.0
3;52100;SNACKPACK_RASPBERRY;10155;22;10153;46;;;10172;22;10174;46;;;10163.5;0.0
3;52200;SNACKPACK_RASPBERRY;10167;34;10165;47;;;10184;34;10186;47;;;10175.5;0.0
3;52300;SNACKPACK_RASPBERRY;10169;30;10167;50;;;10177;6;10187;30;10189;50;10173.0;0.0
3;52400;SNACKPACK_RASPBERRY;10183;30;10181;57;;;10200;30;10202;57;;;10191.5;0.0
3;52500;SNACKPACK_RASPBERRY;10186;39;10183;43;;;10203;39;10205;43;;;10194.5;0.0
3;52600;SNACKPACK_RASPBERRY;10190;27;10188;57;;;10208;27;10210;57;;;10199.0;0.0
3;52700;SNACKPACK_RASPBERRY;10181;36;10179;48;;;10198;36;10200;48;;;10189.5;0.0
3;52800;SNACKPACK_RASPBERRY;10190;22;10188;50;;;10208;22;10210;50;;;10199.0;0.0
3;52900;SNACKPACK_RASPBERRY;10186;38;10184;45;;;10203;38;10205;45;;;10194.5;0.0
3;53000;SNACKPACK_RASPBERRY;10188;27;10186;60;;;10206;27;10208;60;;;10197.0;0.0
3;53100;SNACKPACK_RASPBERRY;10183;39;10181;56;;;10200;39;10202;56;;;10191.5;0.0
3;53200;SNACKPACK_RASPBERRY;10190;20;10188;48;;;10208;20;10210;48;;;10199.0;0.0
3;53300;SNACKPACK_RASPBERRY;10195;25;10193;47;;;10213;25;10215;47;;;10204.0;0.0
3;53400;SNACKPACK_RASPBERRY;10194;30;10191;52;;;10211;30;10213;52;;;10202.5;0.0
3;53500;SNACKPACK_RASPBERRY;10189;37;10187;47;;;10206;37;10208;47;;;10197.5;0.0
3;53600;SNACKPACK_RASPBERRY;10185;26;10183;60;;;10202;26;10204;60;;;10193.5;0.0
3;53700;SNACKPACK_RASPBERRY;10187;39;10185;40;;;10205;39;10207;40;;;10196.0;0.0
3;53800;SNACKPACK_RASPBERRY;10190;35;10188;45;;;10208;35;10210;45;;;10199.0;0.0
3;53900;SNACKPACK_RASPBERRY;10182;21;10180;42;;;10199;21;10201;42;;;10190.5;0.0
3;54000;SNACKPACK_RASPBERRY;10175;37;10173;42;;;10193;37;10195;42;;;10184.0;0.0
3;54100;SNACKPACK_RASPBERRY;10178;26;10176;47;;;10195;26;10197;47;;;10186.5;0.0
3;54200;SNACKPACK_RASPBERRY;10170;37;10168;57;;;10188;37;10190;57;;;10179.0;0.0
3;54300;SNACKPACK_RASPBERRY;10151;25;10149;47;;;10168;25;10170;47;;;10159.5;0.0
3;54400;SNACKPACK_RASPBERRY;10154;31;10152;42;;;10172;31;10174;42;;;10163.0;0.0
3;54500;SNACKPACK_RASPBERRY;10160;35;10158;47;;;10177;35;10179;47;;;10168.5;0.0
3;54600;SNACKPACK_RASPBERRY;10162;26;10160;60;;;10180;26;10182;60;;;10171.0;0.0
3;54700;SNACKPACK_RASPBERRY;10159;27;10157;52;;;10176;27;10178;52;;;10167.5;0.0
3;54800;SNACKPACK_RASPBERRY;10163;34;10161;41;;;10181;34;10183;41;;;10172.0;0.0
3;54900;SNACKPACK_RASPBERRY;10171;27;10169;55;;;10188;27;10190;55;;;10179.5;0.0
3;55000;SNACKPACK_RASPBERRY;10177;26;10175;47;;;10194;26;10196;47;;;10185.5;0.0
3;55100;SNACKPACK_RASPBERRY;10183;37;10181;58;;;10200;37;10202;58;;;10191.5;0.0
3;55200;SNACKPACK_RASPBERRY;10172;36;10170;48;;;10189;36;10191;48;;;10180.5;0.0
3;55300;SNACKPACK_RASPBERRY;10165;20;10163;58;;;10182;20;10184;58;;;10173.5;0.0
3;55400;SNACKPACK_RASPBERRY;10163;38;10161;57;;;10180;38;10183;57;;;10171.5;0.0
3;55500;SNACKPACK_RASPBERRY;10171;34;10169;50;;;10188;34;10190;50;;;10179.5;0.0
3;55600;SNACKPACK_RASPBERRY;10164;30;10162;58;;;10181;30;10183;58;;;10172.5;0.0
3;55700;SNACKPACK_RASPBERRY;10169;38;10167;51;;;10187;38;10189;51;;;10178.0;0.0
3;55800;SNACKPACK_RASPBERRY;10173;29;10171;48;;;10190;29;10192;48;;;10181.5;0.0
3;55900;SNACKPACK_RASPBERRY;10172;38;10170;57;;;10190;38;10192;57;;;10181.0;0.0
3;56000;SNACKPACK_RASPBERRY;10173;31;10171;55;;;10190;31;10192;55;;;10181.5;0.0
3;56100;SNACKPACK_RASPBERRY;10185;26;10183;46;;;10203;26;10205;46;;;10194.0;0.0
3;56200;SNACKPACK_RASPBERRY;10178;30;10176;44;;;10186;6;10195;30;10197;44;10182.0;0.0
3;56300;SNACKPACK_RASPBERRY;10194;36;10192;59;;;10211;36;10213;59;;;10202.5;0.0
3;56400;SNACKPACK_RASPBERRY;10192;28;10190;44;;;10209;28;10211;44;;;10200.5;0.0
3;56500;SNACKPACK_RASPBERRY;10201;21;10199;45;;;10218;21;10220;45;;;10209.5;0.0
3;56600;SNACKPACK_RASPBERRY;10203;24;10201;41;;;10221;24;10223;41;;;10212.0;0.0
3;56700;SNACKPACK_RASPBERRY;10201;20;10199;57;;;10218;20;10220;57;;;10209.5;0.0
3;56800;SNACKPACK_RASPBERRY;10205;27;10203;57;;;10222;27;10224;57;;;10213.5;0.0
3;56900;SNACKPACK_RASPBERRY;10186;27;10184;42;;;10203;27;10205;42;;;10194.5;0.0
3;57000;SNACKPACK_RASPBERRY;10176;31;10174;58;;;10193;31;10195;58;;;10184.5;0.0
3;57100;SNACKPACK_RASPBERRY;10160;40;10158;43;;;10177;40;10179;43;;;10168.5;0.0
3;57200;SNACKPACK_RASPBERRY;10152;37;10150;43;;;10169;37;10171;43;;;10160.5;0.0
3;57300;SNACKPACK_RASPBERRY;10143;30;10141;54;;;10160;30;10162;54;;;10151.5;0.0
3;57400;SNACKPACK_RASPBERRY;10139;24;10137;58;;;10156;24;10158;58;;;10147.5;0.0
3;57500;SNACKPACK_RASPBERRY;10149;27;10147;43;;;10166;27;10168;43;;;10157.5;0.0
3;57600;SNACKPACK_RASPBERRY;10137;32;10135;55;;;10155;32;10157;55;;;10146.0;0.0
3;57700;SNACKPACK_RASPBERRY;10134;25;10132;59;;;10151;25;10153;59;;;10142.5;0.0
3;57800;SNACKPACK_RASPBERRY;10138;25;10136;52;;;10155;25;10157;52;;;10146.5;0.0
3;57900;SNACKPACK_RASPBERRY;10137;24;10135;59;;;10154;24;10156;59;;;10145.5;0.0
3;58000;SNACKPACK_RASPBERRY;10134;39;10132;59;;;10151;39;10153;59;;;10142.5;0.0
3;58100;SNACKPACK_RASPBERRY;10144;25;10142;44;;;10161;25;10163;44;;;10152.5;0.0
3;58200;SNACKPACK_RASPBERRY;10148;40;10146;48;;;10165;40;10167;48;;;10156.5;0.0
3;58300;SNACKPACK_RASPBERRY;10152;32;10150;44;;;10169;32;10171;44;;;10160.5;0.0
3;58400;SNACKPACK_RASPBERRY;10153;24;10151;51;;;10171;24;10173;51;;;10162.0;0.0
3;58500;SNACKPACK_RASPBERRY;10147;31;10145;41;;;10164;31;10166;41;;;10155.5;0.0
3;58600;SNACKPACK_RASPBERRY;10146;36;10144;60;;;10164;36;10166;60;;;10155.0;0.0
3;58700;SNACKPACK_RASPBERRY;10157;36;10155;43;;;10174;36;10176;43;;;10165.5;0.0
3;58800;SNACKPACK_RASPBERRY;10149;37;10147;55;;;10167;37;10169;55;;;10158.0;0.0
3;58900;SNACKPACK_RASPBERRY;10148;37;10146;57;;;10165;37;10167;57;;;10156.5;0.0
3;59000;SNACKPACK_RASPBERRY;10144;34;10142;54;;;10161;34;10163;54;;;10152.5;0.0
3;59100;SNACKPACK_RASPBERRY;10138;20;10136;59;;;10155;20;10157;59;;;10146.5;0.0
3;59200;SNACKPACK_RASPBERRY;10127;30;10125;40;;;10145;30;10147;40;;;10136.0;0.0
3;59300;SNACKPACK_RASPBERRY;10123;35;10121;55;;;10140;35;10142;55;;;10131.5;0.0
3;59400;SNACKPACK_RASPBERRY;10139;26;10137;58;;;10156;26;10158;58;;;10147.5;0.0
3;59500;SNACKPACK_RASPBERRY;10142;26;10140;40;;;10160;26;10162;40;;;10151.0;0.0
3;59600;SNACKPACK_RASPBERRY;10152;35;10150;58;;;10170;35;10172;58;;;10161.0;0.0
3;59700;SNACKPACK_RASPBERRY;10145;34;10143;49;;;10162;34;10164;49;;;10153.5;0.0
3;59800;SNACKPACK_RASPBERRY;10147;22;10145;45;;;10164;22;10167;45;;;10155.5;0.0
3;59900;SNACKPACK_RASPBERRY;10153;27;10151;54;;;10170;27;10172;54;;;10161.5;0.0
3;60000;SNACKPACK_RASPBERRY;10160;36;10158;50;;;10177;36;10179;50;;;10168.5;0.0
3;60100;SNACKPACK_RASPBERRY;10158;21;10156;48;;;10175;21;10177;48;;;10166.5;0.0
3;60200;SNACKPACK_RASPBERRY;10142;33;10140;41;;;10159;33;10161;41;;;10150.5;0.0
3;60300;SNACKPACK_RASPBERRY;10145;33;10142;57;;;10162;33;10164;57;;;10153.5;0.0
3;60400;SNACKPACK_RASPBERRY;10133;33;10131;54;;;10150;33;10152;54;;;10141.5;0.0
3;60500;SNACKPACK_RASPBERRY;10126;38;10124;58;;;10143;38;10145;58;;;10134.5;0.0
3;60600;SNACKPACK_RASPBERRY;10129;37;10127;41;;;10146;37;10148;41;;;10137.5;0.0
3;60700;SNACKPACK_RASPBERRY;10137;23;10135;43;;;10154;23;10156;43;;;10145.5;0.0
3;60800;SNACKPACK_RASPBERRY;10149;30;10147;46;;;10167;30;10169;46;;;10158.0;0.0
3;60900;SNACKPACK_RASPBERRY;10155;36;10153;43;;;10172;36;10174;43;;;10163.5;0.0
3;61000;SNACKPACK_RASPBERRY;10164;38;10162;49;;;10181;38;10183;49;;;10172.5;0.0
3;61100;SNACKPACK_RASPBERRY;10175;22;10173;43;;;10192;22;10194;43;;;10183.5;0.0
3;61200;SNACKPACK_RASPBERRY;10173;20;10171;41;;;10190;20;10192;41;;;10181.5;0.0
3;61300;SNACKPACK_RASPBERRY;10181;6;10173;29;10171;58;10190;29;10192;58;;;10185.5;0.0
3;61400;SNACKPACK_RASPBERRY;10181;20;10179;47;;;10198;20;10200;47;;;10189.5;0.0
3;61500;SNACKPACK_RASPBERRY;10194;25;10192;53;;;10212;25;10214;53;;;10203.0;0.0
3;61600;SNACKPACK_RASPBERRY;10191;21;10189;47;;;10209;21;10211;47;;;10200.0;0.0
3;61700;SNACKPACK_RASPBERRY;10189;27;10187;48;;;10206;27;10208;48;;;10197.5;0.0
3;61800;SNACKPACK_RASPBERRY;10182;27;10180;58;;;10200;27;10202;58;;;10191.0;0.0
3;61900;SNACKPACK_RASPBERRY;10176;36;10174;49;;;10194;36;10196;49;;;10185.0;0.0
3;62000;SNACKPACK_RASPBERRY;10161;26;10159;48;;;10179;26;10181;48;;;10170.0;0.0
3;62100;SNACKPACK_RASPBERRY;10153;34;10151;47;;;10171;34;10173;47;;;10162.0;0.0
3;62200;SNACKPACK_RASPBERRY;10147;31;10145;59;;;10164;31;10166;59;;;10155.5;0.0
3;62300;SNACKPACK_RASPBERRY;10149;22;10147;43;;;10166;22;10168;43;;;10157.5;0.0
3;62400;SNACKPACK_RASPBERRY;10153;25;10151;46;;;10170;25;10172;46;;;10161.5;0.0
3;62500;SNACKPACK_RASPBERRY;10158;21;10156;57;;;10176;21;10178;57;;;10167.0;0.0
3;62600;SNACKPACK_RASPBERRY;10156;26;10154;55;;;10173;26;10175;55;;;10164.5;0.0
3;62700;SNACKPACK_RASPBERRY;10147;32;10145;55;;;10164;32;10166;55;;;10155.5;0.0
3;62800;SNACKPACK_RASPBERRY;10156;40;10154;49;;;10173;40;10175;49;;;10164.5;0.0
3;62900;SNACKPACK_RASPBERRY;10143;36;10141;51;;;10160;36;10162;51;;;10151.5;0.0
3;63000;SNACKPACK_RASPBERRY;10139;27;10137;47;;;10156;27;10158;47;;;10147.5;0.0
3;63100;SNACKPACK_RASPBERRY;10145;32;10143;44;;;10163;32;10165;44;;;10154.0;0.0
3;63200;SNACKPACK_RASPBERRY;10142;27;10140;54;;;10160;27;10162;54;;;10151.0;0.0
3;63300;SNACKPACK_RASPBERRY;10142;21;10140;53;;;10159;21;10161;53;;;10150.5;0.0
3;63400;SNACKPACK_RASPBERRY;10144;36;10142;44;;;10161;36;10163;44;;;10152.5;0.0
3;63500;SNACKPACK_RASPBERRY;10155;29;10153;47;;;10172;29;10175;47;;;10163.5;0.0
3;63600;SNACKPACK_RASPBERRY;10157;25;10155;60;;;10175;25;10177;60;;;10166.0;0.0
3;63700;SNACKPACK_RASPBERRY;10155;26;10153;46;;;10172;26;10174;46;;;10163.5;0.0
3;63800;SNACKPACK_RASPBERRY;10163;33;10161;56;;;10181;33;10183;56;;;10172.0;0.0
3;63900;SNACKPACK_RASPBERRY;10178;26;10176;52;;;10195;26;10197;52;;;10186.5;0.0
3;64000;SNACKPACK_RASPBERRY;10184;29;10182;47;;;10202;29;10204;47;;;10193.0;0.0
3;64100;SNACKPACK_RASPBERRY;10174;31;10172;46;;;10191;31;10193;46;;;10182.5;0.0
3;64200;SNACKPACK_RASPBERRY;10169;30;10167;53;;;10187;30;10189;53;;;10178.0;0.0
3;64300;SNACKPACK_RASPBERRY;10164;34;10162;55;;;10181;34;10183;55;;;10172.5;0.0
3;64400;SNACKPACK_RASPBERRY;10173;25;10171;43;;;10190;25;10193;43;;;10181.5;0.0
3;64500;SNACKPACK_RASPBERRY;10177;21;10175;53;;;10194;21;10196;53;;;10185.5;0.0
3;64600;SNACKPACK_RASPBERRY;10174;29;10172;58;;;10191;29;10193;58;;;10182.5;0.0
3;64700;SNACKPACK_RASPBERRY;10181;40;10179;49;;;10198;40;10200;49;;;10189.5;0.0
3;64800;SNACKPACK_RASPBERRY;10197;22;10195;50;;;10205;2;10214;22;10216;50;10201.0;0.0
3;64900;SNACKPACK_RASPBERRY;10199;25;10197;60;;;10216;25;10218;60;;;10207.5;0.0
3;65000;SNACKPACK_RASPBERRY;10195;40;10193;51;;;10213;40;10215;51;;;10204.0;0.0
3;65100;SNACKPACK_RASPBERRY;10180;32;10178;44;;;10197;32;10199;44;;;10188.5;0.0
3;65200;SNACKPACK_RASPBERRY;10169;21;10167;42;;;10186;21;10188;42;;;10177.5;0.0
3;65300;SNACKPACK_RASPBERRY;10168;22;10166;55;;;10185;22;10187;55;;;10176.5;0.0
3;65400;SNACKPACK_RASPBERRY;10173;35;10171;52;;;10190;35;10192;52;;;10181.5;0.0
3;65500;SNACKPACK_RASPBERRY;10175;30;10173;48;;;10193;30;10195;48;;;10184.0;0.0
3;65600;SNACKPACK_RASPBERRY;10163;21;10161;51;;;10180;21;10182;51;;;10171.5;0.0
3;65700;SNACKPACK_RASPBERRY;10146;30;10144;44;;;10163;30;10166;44;;;10154.5;0.0
3;65800;SNACKPACK_RASPBERRY;10155;39;10153;45;;;10173;39;10175;45;;;10164.0;0.0
3;65900;SNACKPACK_RASPBERRY;10146;39;10144;47;;;10163;39;10165;47;;;10154.5;0.0
3;66000;SNACKPACK_RASPBERRY;10148;39;10146;43;;;10165;39;10167;43;;;10156.5;0.0
3;66100;SNACKPACK_RASPBERRY;10156;40;10154;46;;;10173;40;10175;46;;;10164.5;0.0
3;66200;SNACKPACK_RASPBERRY;10147;32;10145;45;;;10164;32;10166;45;;;10155.5;0.0
3;66300;SNACKPACK_RASPBERRY;10140;36;10138;52;;;10157;36;10160;52;;;10148.5;0.0
3;66400;SNACKPACK_RASPBERRY;10149;22;10147;43;;;10166;22;10169;43;;;10157.5;0.0
3;66500;SNACKPACK_RASPBERRY;10152;20;10150;50;;;10169;20;10171;50;;;10160.5;0.0
3;66600;SNACKPACK_RASPBERRY;10145;25;10143;48;;;10162;25;10164;48;;;10153.5;0.0
3;66700;SNACKPACK_RASPBERRY;10144;34;10142;52;;;10162;34;10164;52;;;10153.0;0.0
3;66800;SNACKPACK_RASPBERRY;10136;31;10134;58;;;10154;31;10156;58;;;10145.0;0.0
3;66900;SNACKPACK_RASPBERRY;10141;25;10139;54;;;10159;25;10161;54;;;10150.0;0.0
3;67000;SNACKPACK_RASPBERRY;10156;26;10154;51;;;10173;26;10176;51;;;10164.5;0.0
3;67100;SNACKPACK_RASPBERRY;10149;25;10147;45;;;10166;25;10168;45;;;10157.5;0.0
3;67200;SNACKPACK_RASPBERRY;10154;24;10152;48;;;10171;24;10174;48;;;10162.5;0.0
3;67300;SNACKPACK_RASPBERRY;10150;30;10148;53;;;10168;30;10170;53;;;10159.0;0.0
3;67400;SNACKPACK_RASPBERRY;10143;30;10141;42;;;10160;30;10162;42;;;10151.5;0.0
3;67500;SNACKPACK_RASPBERRY;10131;28;10129;47;;;10148;28;10150;47;;;10139.5;0.0
3;67600;SNACKPACK_RASPBERRY;10124;26;10122;59;;;10141;26;10143;59;;;10132.5;0.0
3;67700;SNACKPACK_RASPBERRY;10126;32;10124;44;;;10143;32;10145;44;;;10134.5;0.0
3;67800;SNACKPACK_RASPBERRY;10133;26;10131;48;;;10150;26;10152;48;;;10141.5;0.0
3;67900;SNACKPACK_RASPBERRY;10131;25;10129;44;;;10149;25;10151;44;;;10140.0;0.0
3;68000;SNACKPACK_RASPBERRY;10129;24;10127;43;;;10146;24;10148;43;;;10137.5;0.0
3;68100;SNACKPACK_RASPBERRY;10138;33;10136;58;;;10155;33;10157;58;;;10146.5;0.0
3;68200;SNACKPACK_RASPBERRY;10138;32;10136;48;;;10155;32;10157;48;;;10146.5;0.0
3;68300;SNACKPACK_RASPBERRY;10141;35;10139;53;;;10159;35;10161;53;;;10150.0;0.0
3;68400;SNACKPACK_RASPBERRY;10151;23;10149;55;;;10169;23;10171;55;;;10160.0;0.0
3;68500;SNACKPACK_RASPBERRY;10150;21;10148;41;;;10167;21;10169;41;;;10158.5;0.0
3;68600;SNACKPACK_RASPBERRY;10153;36;10151;58;;;10170;36;10172;58;;;10161.5;0.0
3;68700;SNACKPACK_RASPBERRY;10147;35;10145;47;;;10165;35;10167;47;;;10156.0;0.0
3;68800;SNACKPACK_RASPBERRY;10134;39;10132;42;;;10151;39;10153;42;;;10142.5;0.0
3;68900;SNACKPACK_RASPBERRY;10133;40;10131;59;;;10150;40;10152;59;;;10141.5;0.0
3;69000;SNACKPACK_RASPBERRY;10131;38;10129;41;;;10139;4;10148;38;10150;41;10135.0;0.0
3;69100;SNACKPACK_RASPBERRY;10128;37;10126;60;;;10145;37;10147;60;;;10136.5;0.0
3;69200;SNACKPACK_RASPBERRY;10127;22;10125;60;;;10144;22;10146;60;;;10135.5;0.0
3;69300;SNACKPACK_RASPBERRY;10119;35;10117;43;;;10136;35;10138;43;;;10127.5;0.0
3;69400;SNACKPACK_RASPBERRY;10130;32;10128;47;;;10147;32;10149;47;;;10138.5;0.0
3;69500;SNACKPACK_RASPBERRY;10124;36;10122;49;;;10141;36;10143;49;;;10132.5;0.0
3;69600;SNACKPACK_RASPBERRY;10120;27;10118;60;;;10137;27;10139;60;;;10128.5;0.0
3;69700;SNACKPACK_RASPBERRY;10119;34;10117;58;;;10136;34;10139;58;;;10127.5;0.0
3;69800;SNACKPACK_RASPBERRY;10127;29;10125;56;;;10144;29;10146;56;;;10135.5;0.0
3;69900;SNACKPACK_RASPBERRY;10125;31;10123;41;;;10142;31;10144;41;;;10133.5;0.0
3;70000;SNACKPACK_RASPBERRY;10142;36;10140;41;;;10160;36;10162;41;;;10151.0;0.0
3;70100;SNACKPACK_RASPBERRY;10144;31;10142;40;;;10162;31;10164;40;;;10153.0;0.0
3;70200;SNACKPACK_RASPBERRY;10142;34;10140;57;;;10160;34;10162;57;;;10151.0;0.0
3;70300;SNACKPACK_RASPBERRY;10156;39;10154;55;;;10173;39;10175;55;;;10164.5;0.0
3;70400;SNACKPACK_RASPBERRY;10161;35;10159;46;;;10178;35;10180;46;;;10169.5;0.0
3;70500;SNACKPACK_RASPBERRY;10152;29;10150;54;;;10169;29;10171;54;;;10160.5;0.0
3;70600;SNACKPACK_RASPBERRY;10143;29;10141;51;;;10161;29;10163;51;;;10152.0;0.0
3;70700;SNACKPACK_RASPBERRY;10148;30;10146;46;;;10165;30;10167;46;;;10156.5;0.0
3;70800;SNACKPACK_RASPBERRY;10153;32;10151;46;;;10170;32;10172;46;;;10161.5;0.0
3;70900;SNACKPACK_RASPBERRY;10152;38;10150;56;;;10170;38;10172;56;;;10161.0;0.0
3;71000;SNACKPACK_RASPBERRY;10152;38;10150;42;;;10169;38;10171;42;;;10160.5;0.0
3;71100;SNACKPACK_RASPBERRY;10140;28;10138;51;;;10157;28;10159;51;;;10148.5;0.0
3;71200;SNACKPACK_RASPBERRY;10159;23;10157;42;;;10176;23;10178;42;;;10167.5;0.0
3;71300;SNACKPACK_RASPBERRY;10148;33;10145;60;;;10165;33;10167;60;;;10156.5;0.0
3;71400;SNACKPACK_RASPBERRY;10127;37;10125;60;;;10145;37;10147;60;;;10136.0;0.0
3;71500;SNACKPACK_RASPBERRY;10130;37;10128;60;;;10147;37;10149;60;;;10138.5;0.0
3;71600;SNACKPACK_RASPBERRY;10127;30;10125;55;;;10144;30;10146;55;;;10135.5;0.0
3;71700;SNACKPACK_RASPBERRY;10134;36;10132;58;;;10151;36;10153;58;;;10142.5;0.0
3;71800;SNACKPACK_RASPBERRY;10112;38;10110;45;;;10130;38;10132;45;;;10121.0;0.0
3;71900;SNACKPACK_RASPBERRY;10116;36;10114;49;;;10134;36;10136;49;;;10125.0;0.0
3;72000;SNACKPACK_RASPBERRY;10115;25;10113;47;;;10132;25;10134;47;;;10123.5;0.0
3;72100;SNACKPACK_RASPBERRY;10107;25;10105;56;;;10125;25;10127;56;;;10116.0;0.0
3;72200;SNACKPACK_RASPBERRY;10103;20;10101;56;;;10120;20;10122;56;;;10111.5;0.0
3;72300;SNACKPACK_RASPBERRY;10110;26;10108;57;;;10128;26;10130;57;;;10119.0;0.0
3;72400;SNACKPACK_RASPBERRY;10110;36;10108;57;;;10127;36;10130;57;;;10118.5;0.0
3;72500;SNACKPACK_RASPBERRY;10127;28;10125;51;;;10144;28;10146;51;;;10135.5;0.0
3;72600;SNACKPACK_RASPBERRY;10124;21;10122;60;;;10141;21;10143;60;;;10132.5;0.0
3;72700;SNACKPACK_RASPBERRY;10116;21;10114;51;;;10133;21;10135;51;;;10124.5;0.0
3;72800;SNACKPACK_RASPBERRY;10111;28;10109;53;;;10128;28;10130;53;;;10119.5;0.0
3;72900;SNACKPACK_RASPBERRY;10121;37;10119;43;;;10138;37;10140;43;;;10129.5;0.0
3;73000;SNACKPACK_RASPBERRY;10123;23;10121;50;;;10141;23;10143;50;;;10132.0;0.0
3;73100;SNACKPACK_RASPBERRY;10126;21;10124;43;;;10143;21;10145;43;;;10134.5;0.0
3;73200;SNACKPACK_RASPBERRY;10113;24;10111;51;;;10130;24;10132;51;;;10121.5;0.0
3;73300;SNACKPACK_RASPBERRY;10106;20;10104;56;;;10123;20;10125;56;;;10114.5;0.0
3;73400;SNACKPACK_RASPBERRY;10108;27;10106;47;;;10125;27;10127;47;;;10116.5;0.0
3;73500;SNACKPACK_RASPBERRY;10117;25;10115;43;;;10135;25;10137;43;;;10126.0;0.0
3;73600;SNACKPACK_RASPBERRY;10109;20;10107;54;;;10126;20;10128;54;;;10117.5;0.0
3;73700;SNACKPACK_RASPBERRY;10109;34;10107;40;;;10127;34;10129;40;;;10118.0;0.0
3;73800;SNACKPACK_RASPBERRY;10118;33;10116;58;;;10135;33;10137;58;;;10126.5;0.0
3;73900;SNACKPACK_RASPBERRY;10126;24;10124;45;;;10143;24;10145;45;;;10134.5;0.0
3;74000;SNACKPACK_RASPBERRY;10114;39;10112;40;;;10131;39;10133;40;;;10122.5;0.0
3;74100;SNACKPACK_RASPBERRY;10113;27;10111;52;;;10130;27;10132;52;;;10121.5;0.0
3;74200;SNACKPACK_RASPBERRY;10110;36;10108;56;;;10127;36;10129;56;;;10118.5;0.0
3;74300;SNACKPACK_RASPBERRY;10118;24;10116;54;;;10135;24;10137;54;;;10126.5;0.0
3;74400;SNACKPACK_RASPBERRY;10130;33;10128;54;;;10147;33;10149;54;;;10138.5;0.0
3;74500;SNACKPACK_RASPBERRY;10129;34;10127;49;;;10146;34;10148;49;;;10137.5;0.0
3;74600;SNACKPACK_RASPBERRY;10119;38;10117;49;;;10136;38;10138;49;;;10127.5;0.0
3;74700;SNACKPACK_RASPBERRY;10106;31;10104;60;;;10123;31;10125;60;;;10114.5;0.0
3;74800;SNACKPACK_RASPBERRY;10115;36;10113;49;;;10132;36;10134;49;;;10123.5;0.0
3;74900;SNACKPACK_RASPBERRY;10122;36;10120;45;;;10139;36;10141;45;;;10130.5;0.0
3;75000;SNACKPACK_RASPBERRY;10129;37;10127;59;;;10146;37;10148;59;;;10137.5;0.0
3;75100;SNACKPACK_RASPBERRY;10133;31;10131;57;;;10150;31;10152;57;;;10141.5;0.0
3;75200;SNACKPACK_RASPBERRY;10142;28;10140;59;;;10159;28;10161;59;;;10150.5;0.0
3;75300;SNACKPACK_RASPBERRY;10147;38;10145;44;;;10165;38;10167;44;;;10156.0;0.0
3;75400;SNACKPACK_RASPBERRY;10140;20;10138;57;;;10157;20;10159;57;;;10148.5;0.0
3;75500;SNACKPACK_RASPBERRY;10144;30;10142;43;;;10161;30;10163;43;;;10152.5;0.0
3;75600;SNACKPACK_RASPBERRY;10150;38;10148;53;;;10167;38;10169;53;;;10158.5;0.0
3;75700;SNACKPACK_RASPBERRY;10135;32;10133;52;;;10152;32;10154;52;;;10143.5;0.0
3;75800;SNACKPACK_RASPBERRY;10120;24;10118;51;;;10138;24;10140;51;;;10129.0;0.0
3;75900;SNACKPACK_RASPBERRY;10122;39;10120;52;;;10139;39;10141;52;;;10130.5;0.0
3;76000;SNACKPACK_RASPBERRY;10128;30;10126;52;;;10146;30;10148;52;;;10137.0;0.0
3;76100;SNACKPACK_RASPBERRY;10131;29;10129;48;;;10148;29;10150;48;;;10139.5;0.0
3;76200;SNACKPACK_RASPBERRY;10121;23;10119;46;;;10138;23;10140;46;;;10129.5;0.0
3;76300;SNACKPACK_RASPBERRY;10118;25;10116;56;;;10136;25;10138;56;;;10127.0;0.0
3;76400;SNACKPACK_RASPBERRY;10112;34;10110;51;;;10129;34;10131;51;;;10120.5;0.0
3;76500;SNACKPACK_RASPBERRY;10122;23;10120;52;;;10140;23;10142;52;;;10131.0;0.0
3;76600;SNACKPACK_RASPBERRY;10127;24;10125;60;;;10144;24;10146;60;;;10135.5;0.0
3;76700;SNACKPACK_RASPBERRY;10128;38;10126;49;;;10145;38;10147;49;;;10136.5;0.0
3;76800;SNACKPACK_RASPBERRY;10127;20;10125;55;;;10144;20;10146;55;;;10135.5;0.0
3;76900;SNACKPACK_RASPBERRY;10116;29;10114;49;;;10133;29;10135;49;;;10124.5;0.0
3;77000;SNACKPACK_RASPBERRY;10130;22;10128;50;;;10147;22;10149;50;;;10138.5;0.0
3;77100;SNACKPACK_RASPBERRY;10120;25;10118;46;;;10137;25;10139;46;;;10128.5;0.0
3;77200;SNACKPACK_RASPBERRY;10118;25;10115;46;;;10135;25;10137;46;;;10126.5;0.0
3;77300;SNACKPACK_RASPBERRY;10102;21;10100;44;;;10120;21;10122;44;;;10111.0;0.0
3;77400;SNACKPACK_RASPBERRY;10116;22;10114;42;;;10133;22;10135;42;;;10124.5;0.0
3;77500;SNACKPACK_RASPBERRY;10115;25;10113;46;;;10132;25;10134;46;;;10123.5;0.0
3;77600;SNACKPACK_RASPBERRY;10104;25;10102;45;;;10121;25;10123;45;;;10112.5;0.0
3;77700;SNACKPACK_RASPBERRY;10100;35;10098;42;;;10117;35;10119;42;;;10108.5;0.0
3;77800;SNACKPACK_RASPBERRY;10108;21;10106;48;;;10125;21;10127;48;;;10116.5;0.0
3;77900;SNACKPACK_RASPBERRY;10115;20;10113;42;;;10132;20;10134;42;;;10123.5;0.0
3;78000;SNACKPACK_RASPBERRY;10113;27;10111;40;;;10130;27;10132;40;;;10121.5;0.0
3;78100;SNACKPACK_RASPBERRY;10106;27;10104;50;;;10123;27;10125;50;;;10114.5;0.0
3;78200;SNACKPACK_RASPBERRY;10108;32;10106;58;;;10125;32;10127;58;;;10116.5;0.0
3;78300;SNACKPACK_RASPBERRY;10099;33;10097;46;;;10116;33;10118;46;;;10107.5;0.0
3;78400;SNACKPACK_RASPBERRY;10095;30;10093;42;;;10112;30;10114;42;;;10103.5;0.0
3;78500;SNACKPACK_RASPBERRY;10095;21;10093;55;;;10112;21;10114;55;;;10103.5;0.0
3;78600;SNACKPACK_RASPBERRY;10098;20;10096;57;;;10115;20;10117;57;;;10106.5;0.0
3;78700;SNACKPACK_RASPBERRY;10111;31;10109;59;;;10128;31;10130;59;;;10119.5;0.0
3;78800;SNACKPACK_RASPBERRY;10121;35;10119;54;;;10138;35;10140;54;;;10129.5;0.0
3;78900;SNACKPACK_RASPBERRY;10132;23;10130;40;;;10149;23;10151;40;;;10140.5;0.0
3;79000;SNACKPACK_RASPBERRY;10134;36;10132;56;;;10152;36;10154;56;;;10143.0;0.0
3;79100;SNACKPACK_RASPBERRY;10112;22;10110;49;;;10129;22;10131;49;;;10120.5;0.0
3;79200;SNACKPACK_RASPBERRY;10121;20;10119;53;;;10138;20;10140;53;;;10129.5;0.0
3;79300;SNACKPACK_RASPBERRY;10127;25;10125;57;;;10144;25;10146;57;;;10135.5;0.0
3;79400;SNACKPACK_RASPBERRY;10137;23;10135;51;;;10154;23;10156;51;;;10145.5;0.0
3;79500;SNACKPACK_RASPBERRY;10126;30;10124;47;;;10143;30;10145;47;;;10134.5;0.0
3;79600;SNACKPACK_RASPBERRY;10123;22;10121;51;;;10141;22;10143;51;;;10132.0;0.0
3;79700;SNACKPACK_RASPBERRY;10096;21;10094;59;;;10113;21;10115;59;;;10104.5;0.0
3;79800;SNACKPACK_RASPBERRY;10091;29;10089;40;;;10108;29;10110;40;;;10099.5;0.0
3;79900;SNACKPACK_RASPBERRY;10092;6;10083;25;10081;44;10101;25;10103;44;;;10096.5;0.0
3;80000;SNACKPACK_RASPBERRY;10078;27;10076;49;;;10095;27;10097;49;;;10086.5;0.0
3;80100;SNACKPACK_RASPBERRY;10080;38;10078;60;;;10097;38;10099;60;;;10088.5;0.0
3;80200;SNACKPACK_RASPBERRY;10076;25;10074;40;;;10093;25;10095;40;;;10084.5;0.0
3;80300;SNACKPACK_RASPBERRY;10062;34;10060;60;;;10079;34;10081;60;;;10070.5;0.0
3;80400;SNACKPACK_RASPBERRY;10050;32;10048;48;;;10067;32;10069;48;;;10058.5;0.0
3;80500;SNACKPACK_RASPBERRY;10054;39;10052;59;;;10071;39;10073;59;;;10062.5;0.0
3;80600;SNACKPACK_RASPBERRY;10061;32;10059;40;;;10078;32;10080;40;;;10069.5;0.0
3;80700;SNACKPACK_RASPBERRY;10046;27;10044;43;;;10063;27;10065;43;;;10054.5;0.0
3;80800;SNACKPACK_RASPBERRY;10045;36;10043;51;;;10062;36;10064;51;;;10053.5;0.0
3;80900;SNACKPACK_RASPBERRY;10038;23;10036;59;;;10056;23;10058;59;;;10047.0;0.0
3;81000;SNACKPACK_RASPBERRY;10038;22;10036;53;;;10055;22;10057;53;;;10046.5;0.0
3;81100;SNACKPACK_RASPBERRY;10032;22;10030;44;;;10049;22;10051;44;;;10040.5;0.0
3;81200;SNACKPACK_RASPBERRY;10018;21;10016;47;;;10035;21;10037;47;;;10026.5;0.0
3;81300;SNACKPACK_RASPBERRY;10037;30;10035;52;;;10054;30;10056;52;;;10045.5;0.0
3;81400;SNACKPACK_RASPBERRY;10030;37;10028;43;;;10047;37;10049;43;;;10038.5;0.0
3;81500;SNACKPACK_RASPBERRY;10037;33;10035;48;;;10055;33;10057;48;;;10046.0;0.0
3;81600;SNACKPACK_RASPBERRY;10034;28;10032;50;;;10051;28;10053;50;;;10042.5;0.0
3;81700;SNACKPACK_RASPBERRY;10039;35;10037;45;;;10056;35;10058;45;;;10047.5;0.0
3;81800;SNACKPACK_RASPBERRY;10036;31;10034;50;;;10053;31;10055;50;;;10044.5;0.0
3;81900;SNACKPACK_RASPBERRY;10039;28;10037;49;;;10056;28;10058;49;;;10047.5;0.0
3;82000;SNACKPACK_RASPBERRY;10031;40;10029;59;;;10048;40;10050;59;;;10039.5;0.0
3;82100;SNACKPACK_RASPBERRY;10036;20;10034;44;;;10053;20;10055;44;;;10044.5;0.0
3;82200;SNACKPACK_RASPBERRY;10043;37;10041;59;;;10060;37;10062;59;;;10051.5;0.0
3;82300;SNACKPACK_RASPBERRY;10046;37;10044;58;;;10063;37;10065;58;;;10054.5;0.0
3;82400;SNACKPACK_RASPBERRY;10038;25;10036;49;;;10055;25;10057;49;;;10046.5;0.0
3;82500;SNACKPACK_RASPBERRY;10046;34;10044;40;;;10063;34;10065;40;;;10054.5;0.0
3;82600;SNACKPACK_RASPBERRY;10053;40;10051;53;;;10070;40;10072;53;;;10061.5;0.0
3;82700;SNACKPACK_RASPBERRY;10057;25;10055;49;;;10074;25;10076;49;;;10065.5;0.0
3;82800;SNACKPACK_RASPBERRY;10066;38;10064;54;;;10083;38;10085;54;;;10074.5;0.0
3;82900;SNACKPACK_RASPBERRY;10054;26;10052;54;;;10071;26;10073;54;;;10062.5;0.0
3;83000;SNACKPACK_RASPBERRY;10057;25;10055;50;;;10074;25;10076;50;;;10065.5;0.0
3;83100;SNACKPACK_RASPBERRY;10058;39;10056;41;;;10075;39;10077;41;;;10066.5;0.0
3;83200;SNACKPACK_RASPBERRY;10062;28;10060;51;;;10079;28;10081;51;;;10070.5;0.0
3;83300;SNACKPACK_RASPBERRY;10076;33;10074;52;;;10093;33;10095;52;;;10084.5;0.0
3;83400;SNACKPACK_RASPBERRY;10086;20;10084;52;;;10103;20;10105;52;;;10094.5;0.0
3;83500;SNACKPACK_RASPBERRY;10117;5;10109;29;10107;41;10127;29;10129;41;;;10122.0;0.0
3;83600;SNACKPACK_RASPBERRY;10093;26;10091;43;;;10111;26;10113;43;;;10102.0;0.0
3;83700;SNACKPACK_RASPBERRY;10103;35;10101;50;;;10121;35;10123;50;;;10112.0;0.0
3;83800;SNACKPACK_RASPBERRY;10100;33;10098;44;;;10117;33;10119;44;;;10108.5;0.0
3;83900;SNACKPACK_RASPBERRY;10105;25;10103;55;;;10122;25;10124;55;;;10113.5;0.0
3;84000;SNACKPACK_RASPBERRY;10103;38;10101;53;;;10120;38;10122;53;;;10111.5;0.0
3;84100;SNACKPACK_RASPBERRY;10101;28;10099;58;;;10119;28;10121;58;;;10110.0;0.0
3;84200;SNACKPACK_RASPBERRY;10104;20;10102;60;;;10121;20;10123;60;;;10112.5;0.0
3;84300;SNACKPACK_RASPBERRY;10104;24;10102;41;;;10121;24;10123;41;;;10112.5;0.0
3;84400;SNACKPACK_RASPBERRY;10108;38;10106;52;;;10125;38;10127;52;;;10116.5;0.0
3;84500;SNACKPACK_RASPBERRY;10110;22;10108;52;;;10128;22;10130;52;;;10119.0;0.0
3;84600;SNACKPACK_RASPBERRY;10104;22;10102;44;;;10121;22;10123;44;;;10112.5;0.0
3;84700;SNACKPACK_RASPBERRY;10098;38;10096;44;;;10115;38;10117;44;;;10106.5;0.0
3;84800;SNACKPACK_RASPBERRY;10093;23;10091;54;;;10110;23;10112;54;;;10101.5;0.0
3;84900;SNACKPACK_RASPBERRY;10096;39;10094;52;;;10104;5;10113;39;10115;52;10100.0;0.0
3;85000;SNACKPACK_RASPBERRY;10102;27;10100;48;;;10119;27;10121;48;;;10110.5;0.0
3;85100;SNACKPACK_RASPBERRY;10106;22;10104;44;;;10123;22;10125;44;;;10114.5;0.0
3;85200;SNACKPACK_RASPBERRY;10096;34;10094;58;;;10113;34;10115;58;;;10104.5;0.0
3;85300;SNACKPACK_RASPBERRY;10094;32;10092;40;;;10112;32;10114;40;;;10103.0;0.0
3;85400;SNACKPACK_RASPBERRY;10091;23;10089;40;;;10108;23;10110;40;;;10099.5;0.0
3;85500;SNACKPACK_RASPBERRY;10087;36;10085;50;;;10104;36;10106;50;;;10095.5;0.0
3;85600;SNACKPACK_RASPBERRY;10075;33;10073;47;;;10092;33;10094;47;;;10083.5;0.0
3;85700;SNACKPACK_RASPBERRY;10063;26;10061;45;;;10080;26;10082;45;;;10071.5;0.0
3;85800;SNACKPACK_RASPBERRY;10050;38;10048;55;;;10067;38;10069;55;;;10058.5;0.0
3;85900;SNACKPACK_RASPBERRY;10049;21;10047;43;;;10066;21;10068;43;;;10057.5;0.0
3;86000;SNACKPACK_RASPBERRY;10047;29;10045;42;;;10064;29;10066;42;;;10055.5;0.0
3;86100;SNACKPACK_RASPBERRY;10063;24;10061;54;;;10080;24;10082;54;;;10071.5;0.0
3;86200;SNACKPACK_RASPBERRY;10057;39;10055;56;;;10074;39;10076;56;;;10065.5;0.0
3;86300;SNACKPACK_RASPBERRY;10072;28;10070;58;;;10089;28;10091;58;;;10080.5;0.0
3;86400;SNACKPACK_RASPBERRY;10077;27;10075;50;;;10094;27;10096;50;;;10085.5;0.0
3;86500;SNACKPACK_RASPBERRY;10084;33;10082;51;;;10101;33;10103;51;;;10092.5;0.0
3;86600;SNACKPACK_RASPBERRY;10086;33;10084;42;;;10103;33;10105;42;;;10094.5;0.0
3;86700;SNACKPACK_RASPBERRY;10077;29;10075;56;;;10095;29;10097;56;;;10086.0;0.0
3;86800;SNACKPACK_RASPBERRY;10083;34;10081;57;;;10100;34;10102;57;;;10091.5;0.0
3;86900;SNACKPACK_RASPBERRY;10077;24;10075;47;;;10095;24;10097;47;;;10086.0;0.0
3;87000;SNACKPACK_RASPBERRY;10082;40;10080;49;;;10099;40;10101;49;;;10090.5;0.0
3;87100;SNACKPACK_RASPBERRY;10087;37;10085;43;;;10095;4;10104;37;10106;43;10091.0;0.0
3;87200;SNACKPACK_RASPBERRY;10100;25;10098;51;;;10117;25;10119;51;;;10108.5;0.0
3;87300;SNACKPACK_RASPBERRY;10100;25;10098;45;;;10117;25;10119;45;;;10108.5;0.0
3;87400;SNACKPACK_RASPBERRY;10105;24;10103;52;;;10122;24;10124;52;;;10113.5;0.0
3;87500;SNACKPACK_RASPBERRY;10090;28;10088;54;;;10107;28;10109;54;;;10098.5;0.0
3;87600;SNACKPACK_RASPBERRY;10082;22;10080;59;;;10099;22;10101;59;;;10090.5;0.0
3;87700;SNACKPACK_RASPBERRY;10083;34;10081;52;;;10100;34;10102;52;;;10091.5;0.0
3;87800;SNACKPACK_RASPBERRY;10083;25;10081;55;;;10100;25;10102;55;;;10091.5;0.0
3;87900;SNACKPACK_RASPBERRY;10077;34;10075;47;;;10094;34;10096;47;;;10085.5;0.0
3;88000;SNACKPACK_RASPBERRY;10077;40;10075;60;;;10094;40;10096;60;;;10085.5;0.0
3;88100;SNACKPACK_RASPBERRY;10086;25;10084;55;;;10103;25;10105;55;;;10094.5;0.0
3;88200;SNACKPACK_RASPBERRY;10087;23;10085;45;;;10104;23;10106;45;;;10095.5;0.0
3;88300;SNACKPACK_RASPBERRY;10088;21;10086;40;;;10105;21;10107;40;;;10096.5;0.0
3;88400;SNACKPACK_RASPBERRY;10080;38;10078;55;;;10097;38;10099;55;;;10088.5;0.0
3;88500;SNACKPACK_RASPBERRY;10080;28;10078;45;;;10097;28;10099;45;;;10088.5;0.0
3;88600;SNACKPACK_RASPBERRY;10070;33;10068;58;;;10087;33;10089;58;;;10078.5;0.0
3;88700;SNACKPACK_RASPBERRY;10065;21;10063;54;;;10082;21;10084;54;;;10073.5;0.0
3;88800;SNACKPACK_RASPBERRY;10064;39;10062;41;;;10081;39;10083;41;;;10072.5;0.0
3;88900;SNACKPACK_RASPBERRY;10076;37;10074;42;;;10093;37;10095;42;;;10084.5;0.0
3;89000;SNACKPACK_RASPBERRY;10070;31;10068;53;;;10087;31;10089;53;;;10078.5;0.0
3;89100;SNACKPACK_RASPBERRY;10056;22;10054;52;;;10073;22;10075;52;;;10064.5;0.0
3;89200;SNACKPACK_RASPBERRY;10052;40;10050;46;;;10069;40;10071;46;;;10060.5;0.0
3;89300;SNACKPACK_RASPBERRY;10067;27;10065;44;;;10084;27;10086;44;;;10075.5;0.0
3;89400;SNACKPACK_RASPBERRY;10062;20;10060;58;;;10079;20;10081;58;;;10070.5;0.0
3;89500;SNACKPACK_RASPBERRY;10064;23;10062;51;;;10081;23;10083;51;;;10072.5;0.0
3;89600;SNACKPACK_RASPBERRY;10068;40;10066;49;;;10085;40;10087;49;;;10076.5;0.0
3;89700;SNACKPACK_RASPBERRY;10063;35;10061;58;;;10081;35;10083;58;;;10072.0;0.0
3;89800;SNACKPACK_RASPBERRY;10052;4;10044;29;10042;55;10061;29;10063;55;;;10056.5;0.0
3;89900;SNACKPACK_RASPBERRY;10046;30;10044;58;;;10063;30;10065;58;;;10054.5;0.0
3;90000;SNACKPACK_RASPBERRY;10036;31;10034;58;;;10053;31;10055;58;;;10044.5;0.0
3;90100;SNACKPACK_RASPBERRY;10028;20;10026;55;;;10046;20;10048;55;;;10037.0;0.0
3;90200;SNACKPACK_RASPBERRY;10030;21;10028;47;;;10047;21;10049;47;;;10038.5;0.0
3;90300;SNACKPACK_RASPBERRY;10039;21;10037;48;;;10056;21;10058;48;;;10047.5;0.0
3;90400;SNACKPACK_RASPBERRY;10034;30;10032;53;;;10051;30;10053;53;;;10042.5;0.0
3;90500;SNACKPACK_RASPBERRY;10031;29;10029;59;;;10048;29;10050;59;;;10039.5;0.0
3;90600;SNACKPACK_RASPBERRY;10047;20;10045;42;;;10064;20;10066;42;;;10055.5;0.0
3;90700;SNACKPACK_RASPBERRY;10061;30;10059;59;;;10078;30;10080;59;;;10069.5;0.0
3;90800;SNACKPACK_RASPBERRY;10071;38;10069;48;;;10088;38;10090;48;;;10079.5;0.0
3;90900;SNACKPACK_RASPBERRY;10063;20;10061;44;;;10081;20;10083;44;;;10072.0;0.0
3;91000;SNACKPACK_RASPBERRY;10055;33;10053;40;;;10072;33;10074;40;;;10063.5;0.0
3;91100;SNACKPACK_RASPBERRY;10060;23;10058;42;;;10078;23;10080;42;;;10069.0;0.0
3;91200;SNACKPACK_RASPBERRY;10062;30;10060;55;;;10079;30;10081;55;;;10070.5;0.0
3;91300;SNACKPACK_RASPBERRY;10066;36;10064;44;;;10083;36;10085;44;;;10074.5;0.0
3;91400;SNACKPACK_RASPBERRY;10079;38;10077;44;;;10096;38;10098;44;;;10087.5;0.0
3;91500;SNACKPACK_RASPBERRY;10078;21;10076;48;;;10095;21;10097;48;;;10086.5;0.0
3;91600;SNACKPACK_RASPBERRY;10082;33;10080;40;;;10099;33;10101;40;;;10090.5;0.0
3;91700;SNACKPACK_RASPBERRY;10085;31;10083;43;;;10102;31;10104;43;;;10093.5;0.0
3;91800;SNACKPACK_RASPBERRY;10088;38;10086;54;;;10105;38;10108;54;;;10096.5;0.0
3;91900;SNACKPACK_RASPBERRY;10101;29;10099;47;;;10119;29;10121;47;;;10110.0;0.0
3;92000;SNACKPACK_RASPBERRY;10091;37;10089;56;;;10108;37;10110;56;;;10099.5;0.0
3;92100;SNACKPACK_RASPBERRY;10073;35;10071;46;;;10090;35;10092;46;;;10081.5;0.0
3;92200;SNACKPACK_RASPBERRY;10062;37;10060;57;;;10079;37;10081;57;;;10070.5;0.0
3;92300;SNACKPACK_RASPBERRY;10065;24;10063;57;;;10083;24;10085;57;;;10074.0;0.0
3;92400;SNACKPACK_RASPBERRY;10080;38;10078;55;;;10098;38;10100;55;;;10089.0;0.0
3;92500;SNACKPACK_RASPBERRY;10079;32;10077;42;;;10096;32;10098;42;;;10087.5;0.0
3;92600;SNACKPACK_RASPBERRY;10090;27;10088;57;;;10107;27;10109;57;;;10098.5;0.0
3;92700;SNACKPACK_RASPBERRY;10093;21;10091;40;;;10110;21;10112;40;;;10101.5;0.0
3;92800;SNACKPACK_RASPBERRY;10094;39;10092;59;;;10111;39;10113;59;;;10102.5;0.0
3;92900;SNACKPACK_RASPBERRY;10097;39;10095;49;;;10114;39;10116;49;;;10105.5;0.0
3;93000;SNACKPACK_RASPBERRY;10087;34;10085;52;;;10104;34;10107;52;;;10095.5;0.0
3;93100;SNACKPACK_RASPBERRY;10089;34;10087;55;;;10107;34;10109;55;;;10098.0;0.0
3;93200;SNACKPACK_RASPBERRY;10083;31;10081;43;;;10100;31;10102;43;;;10091.5;0.0
3;93300;SNACKPACK_RASPBERRY;10080;21;10078;44;;;10098;21;10100;44;;;10089.0;0.0
3;93400;SNACKPACK_RASPBERRY;10085;21;10083;48;;;10102;21;10104;48;;;10093.5;0.0
3;93500;SNACKPACK_RASPBERRY;10079;37;10077;57;;;10096;37;10098;57;;;10087.5;0.0
3;93600;SNACKPACK_RASPBERRY;10078;22;10076;53;;;10095;22;10097;53;;;10086.5;0.0
3;93700;SNACKPACK_RASPBERRY;10075;37;10073;59;;;10092;37;10094;59;;;10083.5;0.0
3;93800;SNACKPACK_RASPBERRY;10077;23;10075;47;;;10094;23;10096;47;;;10085.5;0.0
3;93900;SNACKPACK_RASPBERRY;10080;32;10078;59;;;10097;32;10099;59;;;10088.5;0.0
3;94000;SNACKPACK_RASPBERRY;10076;34;10074;45;;;10093;34;10095;45;;;10084.5;0.0
3;94100;SNACKPACK_RASPBERRY;10058;30;10056;52;;;10075;30;10077;52;;;10066.5;0.0
3;94200;SNACKPACK_RASPBERRY;10046;31;10044;52;;;10063;31;10065;52;;;10054.5;0.0
3;94300;SNACKPACK_RASPBERRY;10040;30;10038;50;;;10057;30;10059;50;;;10048.5;0.0
3;94400;SNACKPACK_RASPBERRY;10050;35;10048;52;;;10067;35;10069;52;;;10058.5;0.0
3;94500;SNACKPACK_RASPBERRY;10045;30;10043;47;;;10062;30;10064;47;;;10053.5;0.0
3;94600;SNACKPACK_RASPBERRY;10043;24;10041;45;;;10061;24;10063;45;;;10052.0;0.0
3;94700;SNACKPACK_RASPBERRY;10038;31;10036;42;;;10055;31;10057;42;;;10046.5;0.0
3;94800;SNACKPACK_RASPBERRY;10030;35;10028;49;;;10047;35;10049;49;;;10038.5;0.0
3;94900;SNACKPACK_RASPBERRY;10014;23;10012;58;;;10031;23;10033;58;;;10022.5;0.0
3;95000;SNACKPACK_RASPBERRY;10013;30;10011;46;;;10030;30;10032;46;;;10021.5;0.0
3;95100;SNACKPACK_RASPBERRY;10000;31;9998;55;;;10017;31;10019;55;;;10008.5;0.0
3;95200;SNACKPACK_RASPBERRY;10006;5;9998;33;9996;54;10015;33;10017;54;;;10010.5;0.0
3;95300;SNACKPACK_RASPBERRY;10009;32;10007;58;;;10026;32;10028;58;;;10017.5;0.0
3;95400;SNACKPACK_RASPBERRY;10003;40;10001;41;;;10020;40;10022;41;;;10011.5;0.0
3;95500;SNACKPACK_RASPBERRY;9995;22;9993;49;;;10012;22;10014;49;;;10003.5;0.0
3;95600;SNACKPACK_RASPBERRY;10006;25;10004;55;;;10023;25;10025;55;;;10014.5;0.0
3;95700;SNACKPACK_RASPBERRY;10003;20;10001;58;;;10020;20;10022;58;;;10011.5;0.0
3;95800;SNACKPACK_RASPBERRY;10009;23;10007;40;;;10026;23;10028;40;;;10017.5;0.0
3;95900;SNACKPACK_RASPBERRY;10005;20;10003;57;;;10022;20;10024;57;;;10013.5;0.0
3;96000;SNACKPACK_RASPBERRY;10004;20;10002;60;;;10021;20;10023;60;;;10012.5;0.0
3;96100;SNACKPACK_RASPBERRY;10009;23;10007;49;;;10026;23;10028;49;;;10017.5;0.0
3;96200;SNACKPACK_RASPBERRY;10017;35;10015;46;;;10034;35;10036;46;;;10025.5;0.0
3;96300;SNACKPACK_RASPBERRY;10016;27;10014;45;;;10033;27;10035;45;;;10024.5;0.0
3;96400;SNACKPACK_RASPBERRY;10032;31;10030;56;;;10050;31;10052;56;;;10041.0;0.0
3;96500;SNACKPACK_RASPBERRY;10034;22;10032;56;;;10051;22;10053;56;;;10042.5;0.0
3;96600;SNACKPACK_RASPBERRY;10037;35;10035;41;;;10054;35;10056;41;;;10045.5;0.0
3;96700;SNACKPACK_RASPBERRY;10026;25;10024;54;;;10043;25;10045;54;;;10034.5;0.0
3;96800;SNACKPACK_RASPBERRY;10034;34;10032;55;;;10051;34;10053;55;;;10042.5;0.0
3;96900;SNACKPACK_RASPBERRY;10035;38;10033;42;;;10052;38;10054;42;;;10043.5;0.0
3;97000;SNACKPACK_RASPBERRY;10031;32;10029;45;;;10048;32;10050;45;;;10039.5;0.0
3;97100;SNACKPACK_RASPBERRY;10036;35;10034;49;;;10053;35;10055;49;;;10044.5;0.0
3;97200;SNACKPACK_RASPBERRY;10044;32;10042;56;;;10061;32;10063;56;;;10052.5;0.0
3;97300;SNACKPACK_RASPBERRY;10048;23;10046;44;;;10065;23;10067;44;;;10056.5;0.0
3;97400;SNACKPACK_RASPBERRY;10024;36;10022;41;;;10041;36;10043;41;;;10032.5;0.0
3;97500;SNACKPACK_RASPBERRY;10028;31;10026;53;;;10045;31;10047;53;;;10036.5;0.0
3;97600;SNACKPACK_RASPBERRY;10018;31;10016;52;;;10035;31;10037;52;;;10026.5;0.0
3;97700;SNACKPACK_RASPBERRY;10029;37;10027;59;;;10046;37;10048;59;;;10037.5;0.0
3;97800;SNACKPACK_RASPBERRY;10018;34;10016;42;;;10035;34;10037;42;;;10026.5;0.0
3;97900;SNACKPACK_RASPBERRY;10027;22;10025;52;;;10044;22;10046;52;;;10035.5;0.0
3;98000;SNACKPACK_RASPBERRY;10024;40;10022;54;;;10042;40;10044;54;;;10033.0;0.0
3;98100;SNACKPACK_RASPBERRY;10035;40;10033;40;;;10052;40;10054;40;;;10043.5;0.0
3;98200;SNACKPACK_RASPBERRY;10029;21;10027;43;;;10046;21;10048;43;;;10037.5;0.0
3;98300;SNACKPACK_RASPBERRY;10038;28;10036;49;;;10055;28;10057;49;;;10046.5;0.0
3;98400;SNACKPACK_RASPBERRY;10047;31;10045;48;;;10064;31;10066;48;;;10055.5;0.0
3;98500;SNACKPACK_RASPBERRY;10047;26;10045;57;;;10064;26;10066;57;;;10055.5;0.0
3;98600;SNACKPACK_RASPBERRY;10046;39;10044;49;;;10063;39;10065;49;;;10054.5;0.0
3;98700;SNACKPACK_RASPBERRY;10034;22;10032;57;;;10051;22;10053;57;;;10042.5;0.0
3;98800;SNACKPACK_RASPBERRY;10020;38;10018;44;;;10037;38;10040;44;;;10028.5;0.0
3;98900;SNACKPACK_RASPBERRY;10039;38;10037;48;;;10056;38;10058;48;;;10047.5;0.0
3;99000;SNACKPACK_RASPBERRY;10044;21;10042;53;;;10061;21;10063;53;;;10052.5;0.0
3;99100;SNACKPACK_RASPBERRY;10047;23;10045;42;;;10065;23;10067;42;;;10056.0;0.0
3;99200;SNACKPACK_RASPBERRY;10041;39;10039;54;;;10058;39;10060;54;;;10049.5;0.0
3;99300;SNACKPACK_RASPBERRY;10040;37;10038;45;;;10057;37;10059;45;;;10048.5;0.0
3;99400;SNACKPACK_RASPBERRY;10031;25;10029;56;;;10048;25;10050;56;;;10039.5;0.0
3;99500;SNACKPACK_RASPBERRY;10024;26;10022;56;;;10041;26;10043;56;;;10032.5;0.0
3;99600;SNACKPACK_RASPBERRY;10018;35;10016;57;;;10035;35;10037;57;;;10026.5;0.0
3;99700;SNACKPACK_RASPBERRY;10018;21;10016;53;;;10035;21;10037;53;;;10026.5;0.0
3;99800;SNACKPACK_RASPBERRY;10010;30;10008;46;;;10027;30;10029;46;;;10018.5;0.0
3;99900;SNACKPACK_RASPBERRY;10015;23;10013;46;;;10032;23;10034;46;;;10023.5;0.0
3;100000;SNACKPACK_RASPBERRY;10004;32;10002;53;;;10021;32;10023;53;;;10012.5;0.0
3;100100;SNACKPACK_RASPBERRY;10003;38;10001;41;;;10020;38;10022;41;;;10011.5;0.0
3;100200;SNACKPACK_RASPBERRY;10010;30;10008;51;;;10027;30;10029;51;;;10018.5;0.0
3;100300;SNACKPACK_RASPBERRY;10019;24;10017;56;;;10036;24;10038;56;;;10027.5;0.0
3;100400;SNACKPACK_RASPBERRY;10028;27;10026;56;;;10045;27;10047;56;;;10036.5;0.0
3;100500;SNACKPACK_RASPBERRY;10026;21;10024;45;;;10034;6;10043;21;10045;45;10030.0;0.0
3;100600;SNACKPACK_RASPBERRY;10025;24;10023;44;;;10043;24;10045;44;;;10034.0;0.0
3;100700;SNACKPACK_RASPBERRY;10022;34;10020;56;;;10039;34;10041;56;;;10030.5;0.0
3;100800;SNACKPACK_RASPBERRY;10023;35;10021;56;;;10040;35;10042;56;;;10031.5;0.0
3;100900;SNACKPACK_RASPBERRY;10030;30;10028;43;;;10047;30;10049;43;;;10038.5;0.0
3;101000;SNACKPACK_RASPBERRY;10041;22;10039;50;;;10058;22;10060;50;;;10049.5;0.0
3;101100;SNACKPACK_RASPBERRY;10032;28;10030;52;;;10049;28;10051;52;;;10040.5;0.0
3;101200;SNACKPACK_RASPBERRY;10030;24;10028;52;;;10047;24;10049;52;;;10038.5;0.0
3;101300;SNACKPACK_RASPBERRY;10027;32;10025;57;;;10044;32;10046;57;;;10035.5;0.0
3;101400;SNACKPACK_RASPBERRY;10035;40;10033;57;;;10052;40;10054;57;;;10043.5;0.0
3;101500;SNACKPACK_RASPBERRY;10033;29;10031;47;;;10050;29;10052;47;;;10041.5;0.0
3;101600;SNACKPACK_RASPBERRY;10018;26;10016;44;;;10035;26;10037;44;;;10026.5;0.0
3;101700;SNACKPACK_RASPBERRY;10014;28;10012;50;;;10031;28;10033;50;;;10022.5;0.0
3;101800;SNACKPACK_RASPBERRY;10028;22;10026;50;;;10045;22;10047;50;;;10036.5;0.0
3;101900;SNACKPACK_RASPBERRY;10033;28;10031;52;;;10050;28;10052;52;;;10041.5;0.0
3;102000;SNACKPACK_RASPBERRY;10038;21;10036;43;;;10055;21;10057;43;;;10046.5;0.0
3;102100;SNACKPACK_RASPBERRY;10038;32;10036;41;;;10055;32;10057;41;;;10046.5;0.0
3;102200;SNACKPACK_RASPBERRY;10028;32;10026;43;;;10045;32;10047;43;;;10036.5;0.0
3;102300;SNACKPACK_RASPBERRY;10039;27;10037;52;;;10056;27;10058;52;;;10047.5;0.0
3;102400;SNACKPACK_RASPBERRY;10047;22;10045;59;;;10064;22;10066;59;;;10055.5;0.0
3;102500;SNACKPACK_RASPBERRY;10033;32;10031;58;;;10050;32;10052;58;;;10041.5;0.0
3;102600;SNACKPACK_RASPBERRY;10026;23;10024;57;;;10043;23;10045;57;;;10034.5;0.0
3;102700;SNACKPACK_RASPBERRY;10017;20;10015;52;;;10034;20;10036;52;;;10025.5;0.0
3;102800;SNACKPACK_RASPBERRY;10015;23;10013;51;;;10032;23;10034;51;;;10023.5;0.0
3;102900;SNACKPACK_RASPBERRY;10008;38;10006;59;;;10025;38;10027;59;;;10016.5;0.0
3;103000;SNACKPACK_RASPBERRY;10010;39;10008;45;;;10027;39;10029;45;;;10018.5;0.0
3;103100;SNACKPACK_RASPBERRY;9996;23;9994;44;;;10013;23;10015;44;;;10004.5;0.0
3;103200;SNACKPACK_RASPBERRY;9991;35;9989;58;;;10008;35;10010;58;;;9999.5;0.0
3;103300;SNACKPACK_RASPBERRY;9992;40;9990;49;;;10009;40;10011;49;;;10000.5;0.0
3;103400;SNACKPACK_RASPBERRY;9986;34;9984;55;;;10003;34;10005;55;;;9994.5;0.0
3;103500;SNACKPACK_RASPBERRY;9985;25;9983;55;;;10002;25;10004;55;;;9993.5;0.0
3;103600;SNACKPACK_RASPBERRY;9992;34;9990;47;;;10009;34;10011;47;;;10000.5;0.0
3;103700;SNACKPACK_RASPBERRY;9994;33;9992;54;;;10011;33;10013;54;;;10002.5;0.0
3;103800;SNACKPACK_RASPBERRY;9985;38;9983;54;;;10002;38;10004;54;;;9993.5;0.0
3;103900;SNACKPACK_RASPBERRY;9983;39;9981;46;;;10000;39;10002;46;;;9991.5;0.0
3;104000;SNACKPACK_RASPBERRY;9997;39;9995;43;;;10014;39;10016;43;;;10005.5;0.0
3;104100;SNACKPACK_RASPBERRY;9990;36;9988;59;;;10007;36;10009;59;;;9998.5;0.0
3;104200;SNACKPACK_RASPBERRY;9986;39;9984;48;;;10003;39;10005;48;;;9994.5;0.0
3;104300;SNACKPACK_RASPBERRY;9985;36;9983;50;;;10002;36;10004;50;;;9993.5;0.0
3;104400;SNACKPACK_RASPBERRY;9983;40;9981;60;;;10000;40;10002;60;;;9991.5;0.0
3;104500;SNACKPACK_RASPBERRY;9990;21;9988;40;;;10007;21;10009;40;;;9998.5;0.0
3;104600;SNACKPACK_RASPBERRY;9982;20;9980;54;;;9999;20;10001;54;;;9990.5;0.0
3;104700;SNACKPACK_RASPBERRY;9994;33;9992;45;;;10011;33;10013;45;;;10002.5;0.0
3;104800;SNACKPACK_RASPBERRY;9981;39;9979;60;;;9998;39;10000;60;;;9989.5;0.0
3;104900;SNACKPACK_RASPBERRY;9981;35;9979;59;;;9998;35;10000;59;;;9989.5;0.0
3;105000;SNACKPACK_RASPBERRY;9976;35;9974;45;;;9993;35;9995;45;;;9984.5;0.0
3;105100;SNACKPACK_RASPBERRY;9971;38;9969;42;;;9988;38;9990;42;;;9979.5;0.0
3;105200;SNACKPACK_RASPBERRY;9975;20;9973;53;;;9992;20;9994;53;;;9983.5;0.0
3;105300;SNACKPACK_RASPBERRY;9978;31;9976;42;;;9995;31;9997;42;;;9986.5;0.0
3;105400;SNACKPACK_RASPBERRY;9985;34;9983;46;;;10002;34;10004;46;;;9993.5;0.0
3;105500;SNACKPACK_RASPBERRY;9987;33;9985;47;;;10004;33;10006;47;;;9995.5;0.0
3;105600;SNACKPACK_RASPBERRY;9981;28;9979;41;;;9998;28;10000;41;;;9989.5;0.0
3;105700;SNACKPACK_RASPBERRY;9977;29;9975;53;;;9994;29;9996;53;;;9985.5;0.0
3;105800;SNACKPACK_RASPBERRY;9975;32;9973;50;;;9992;32;9994;50;;;9983.5;0.0
3;105900;SNACKPACK_RASPBERRY;9988;35;9986;58;;;10005;35;10007;58;;;9996.5;0.0
3;106000;SNACKPACK_RASPBERRY;9982;35;9980;53;;;9999;35;10001;53;;;9990.5;0.0
3;106100;SNACKPACK_RASPBERRY;9986;33;9984;49;;;10003;33;10005;49;;;9994.5;0.0
3;106200;SNACKPACK_RASPBERRY;9997;26;9995;60;;;10014;26;10016;60;;;10005.5;0.0
3;106300;SNACKPACK_RASPBERRY;9996;40;9994;54;;;10013;40;10015;54;;;10004.5;0.0
3;106400;SNACKPACK_RASPBERRY;9999;22;9997;54;;;10016;22;10018;54;;;10007.5;0.0
3;106500;SNACKPACK_RASPBERRY;9990;37;9988;55;;;10007;37;10009;55;;;9998.5;0.0
3;106600;SNACKPACK_RASPBERRY;9996;27;9994;49;;;10013;27;10015;49;;;10004.5;0.0
3;106700;SNACKPACK_RASPBERRY;10004;25;10002;58;;;10021;25;10023;58;;;10012.5;0.0
3;106800;SNACKPACK_RASPBERRY;10009;36;10007;40;;;10026;36;10028;40;;;10017.5;0.0
3;106900;SNACKPACK_RASPBERRY;10016;34;10014;47;;;10033;34;10035;47;;;10024.5;0.0
3;107000;SNACKPACK_RASPBERRY;10025;40;10023;47;;;10042;40;10044;47;;;10033.5;0.0
3;107100;SNACKPACK_RASPBERRY;10017;31;10015;42;;;10034;31;10036;42;;;10025.5;0.0
3;107200;SNACKPACK_RASPBERRY;10016;36;10014;47;;;10033;36;10035;47;;;10024.5;0.0
3;107300;SNACKPACK_RASPBERRY;10011;33;10009;45;;;10028;33;10030;45;;;10019.5;0.0
3;107400;SNACKPACK_RASPBERRY;10010;39;10008;52;;;10027;39;10029;52;;;10018.5;0.0
3;107500;SNACKPACK_RASPBERRY;10010;20;10008;45;;;10027;20;10029;45;;;10018.5;0.0
3;107600;SNACKPACK_RASPBERRY;10009;40;10007;55;;;10026;40;10028;55;;;10017.5;0.0
3;107700;SNACKPACK_RASPBERRY;10016;25;10014;57;;;10033;25;10035;57;;;10024.5;0.0
3;107800;SNACKPACK_RASPBERRY;10009;33;10007;44;;;10026;33;10028;44;;;10017.5;0.0
3;107900;SNACKPACK_RASPBERRY;10011;30;10009;40;;;10028;30;10030;40;;;10019.5;0.0
3;108000;SNACKPACK_RASPBERRY;10012;37;10010;58;;;10029;37;10031;58;;;10020.5;0.0
3;108100;SNACKPACK_RASPBERRY;10010;38;10008;49;;;10027;38;10029;49;;;10018.5;0.0
3;108200;SNACKPACK_RASPBERRY;10005;33;10003;49;;;10022;33;10024;49;;;10013.5;0.0
3;108300;SNACKPACK_RASPBERRY;10002;37;10000;46;;;10019;37;10021;46;;;10010.5;0.0
3;108400;SNACKPACK_RASPBERRY;10003;33;10001;49;;;10011;5;10020;33;10022;49;10007.0;0.0
3;108500;SNACKPACK_RASPBERRY;9995;39;9993;57;;;10012;39;10014;57;;;10003.5;0.0
3;108600;SNACKPACK_RASPBERRY;9990;38;9988;42;;;10007;38;10009;42;;;9998.5;0.0
3;108700;SNACKPACK_RASPBERRY;9977;32;9975;50;;;9994;32;9996;50;;;9985.5;0.0
3;108800;SNACKPACK_RASPBERRY;9965;23;9963;50;;;9981;23;9983;50;;;9973.0;0.0
3;108900;SNACKPACK_RASPBERRY;9979;24;9977;48;;;9996;24;9998;48;;;9987.5;0.0
3;109000;SNACKPACK_RASPBERRY;9972;25;9970;54;;;9989;25;9991;54;;;9980.5;0.0
3;109100;SNACKPACK_RASPBERRY;9955;21;9953;48;;;9972;21;9974;48;;;9963.5;0.0
3;109200;SNACKPACK_RASPBERRY;9955;33;9953;43;;;9972;33;9974;43;;;9963.5;0.0
3;109300;SNACKPACK_RASPBERRY;9951;22;9949;52;;;9968;22;9970;52;;;9959.5;0.0
3;109400;SNACKPACK_RASPBERRY;9942;20;9940;45;;;9959;20;9961;45;;;9950.5;0.0
3;109500;SNACKPACK_RASPBERRY;9947;26;9945;57;;;9955;6;9964;26;9966;57;9951.0;0.0
3;109600;SNACKPACK_RASPBERRY;9944;26;9942;59;;;9961;26;9963;59;;;9952.5;0.0
3;109700;SNACKPACK_RASPBERRY;9951;32;9949;49;;;9968;32;9970;49;;;9959.5;0.0
3;109800;SNACKPACK_RASPBERRY;9957;23;9955;48;;;9974;23;9976;48;;;9965.5;0.0
3;109900;SNACKPACK_RASPBERRY;9948;38;9946;51;;;9965;38;9967;51;;;9956.5;0.0
3;110000;SNACKPACK_RASPBERRY;9954;22;9952;45;;;9971;22;9973;45;;;9962.5;0.0
3;110100;SNACKPACK_RASPBERRY;9956;32;9954;47;;;9973;32;9975;47;;;9964.5;0.0
3;110200;SNACKPACK_RASPBERRY;9964;34;9962;60;;;9972;5;9981;34;9983;60;9968.0;0.0
3;110300;SNACKPACK_RASPBERRY;9961;38;9959;59;;;9978;38;9980;59;;;9969.5;0.0
3;110400;SNACKPACK_RASPBERRY;9954;21;9952;46;;;9971;21;9973;46;;;9962.5;0.0
3;110500;SNACKPACK_RASPBERRY;9958;32;9956;59;;;9975;32;9977;59;;;9966.5;0.0
3;110600;SNACKPACK_RASPBERRY;9956;25;9954;53;;;9973;25;9975;53;;;9964.5;0.0
3;110700;SNACKPACK_RASPBERRY;9968;21;9966;56;;;9985;21;9987;56;;;9976.5;0.0
3;110800;SNACKPACK_RASPBERRY;9974;32;9972;54;;;9991;32;9993;54;;;9982.5;0.0
3;110900;SNACKPACK_RASPBERRY;9972;26;9970;50;;;9989;26;9991;50;;;9980.5;0.0
3;111000;SNACKPACK_RASPBERRY;9961;32;9959;50;;;9978;32;9980;50;;;9969.5;0.0
3;111100;SNACKPACK_RASPBERRY;9961;21;9959;40;;;9978;21;9980;40;;;9969.5;0.0
3;111200;SNACKPACK_RASPBERRY;9954;28;9952;45;;;9971;28;9973;45;;;9962.5;0.0
3;111300;SNACKPACK_RASPBERRY;9966;21;9964;52;;;9983;21;9985;52;;;9974.5;0.0
3;111400;SNACKPACK_RASPBERRY;9968;37;9966;49;;;9985;37;9987;49;;;9976.5;0.0
3;111500;SNACKPACK_RASPBERRY;9964;23;9962;47;;;9981;23;9983;47;;;9972.5;0.0
3;111600;SNACKPACK_RASPBERRY;9970;31;9968;60;;;9987;31;9989;60;;;9978.5;0.0
3;111700;SNACKPACK_RASPBERRY;9965;35;9963;44;;;9982;35;9984;44;;;9973.5;0.0
3;111800;SNACKPACK_RASPBERRY;9967;36;9965;56;;;9984;36;9986;56;;;9975.5;0.0
3;111900;SNACKPACK_RASPBERRY;9984;35;9982;48;;;10001;35;10003;48;;;9992.5;0.0
3;112000;SNACKPACK_RASPBERRY;9987;31;9985;49;;;10004;31;10006;49;;;9995.5;0.0
3;112100;SNACKPACK_RASPBERRY;9996;24;9994;51;;;10013;24;10015;51;;;10004.5;0.0
3;112200;SNACKPACK_RASPBERRY;10000;25;9998;56;;;10017;25;10019;56;;;10008.5;0.0
3;112300;SNACKPACK_RASPBERRY;10002;30;10000;52;;;10019;30;10021;52;;;10010.5;0.0
3;112400;SNACKPACK_RASPBERRY;10016;4;10008;37;10006;44;10025;37;10027;44;;;10020.5;0.0
3;112500;SNACKPACK_RASPBERRY;10005;27;10003;46;;;10022;27;10024;46;;;10013.5;0.0
3;112600;SNACKPACK_RASPBERRY;10003;32;10001;40;;;10020;32;10022;40;;;10011.5;0.0
3;112700;SNACKPACK_RASPBERRY;10015;24;10013;40;;;10032;24;10034;40;;;10023.5;0.0
3;112800;SNACKPACK_RASPBERRY;10005;35;10003;48;;;10022;35;10024;48;;;10013.5;0.0
3;112900;SNACKPACK_RASPBERRY;10000;31;9998;59;;;10017;31;10019;59;;;10008.5;0.0
3;113000;SNACKPACK_RASPBERRY;10007;33;10005;45;;;10024;33;10026;45;;;10015.5;0.0
3;113100;SNACKPACK_RASPBERRY;9992;30;9990;52;;;10009;30;10011;52;;;10000.5;0.0
3;113200;SNACKPACK_RASPBERRY;9987;23;9985;41;;;10003;23;10005;41;;;9995.0;0.0
3;113300;SNACKPACK_RASPBERRY;9983;23;9981;49;;;10000;23;10002;49;;;9991.5;0.0
3;113400;SNACKPACK_RASPBERRY;9979;31;9977;47;;;9996;31;9998;47;;;9987.5;0.0
3;113500;SNACKPACK_RASPBERRY;9969;34;9967;56;;;9985;34;9987;56;;;9977.0;0.0
3;113600;SNACKPACK_RASPBERRY;9960;29;9958;43;;;9977;29;9979;43;;;9968.5;0.0
3;113700;SNACKPACK_RASPBERRY;9952;32;9950;51;;;9969;32;9971;51;;;9960.5;0.0
3;113800;SNACKPACK_RASPBERRY;9934;27;9932;40;;;9951;27;9953;40;;;9942.5;0.0
3;113900;SNACKPACK_RASPBERRY;9941;20;9939;40;;;9958;20;9960;40;;;9949.5;0.0
3;114000;SNACKPACK_RASPBERRY;9926;29;9924;51;;;9943;29;9945;51;;;9934.5;0.0
3;114100;SNACKPACK_RASPBERRY;9937;38;9935;54;;;9954;38;9956;54;;;9945.5;0.0
3;114200;SNACKPACK_RASPBERRY;9938;38;9936;58;;;9955;38;9957;58;;;9946.5;0.0
3;114300;SNACKPACK_RASPBERRY;9936;29;9934;40;;;9953;29;9955;40;;;9944.5;0.0
3;114400;SNACKPACK_RASPBERRY;9930;28;9928;51;;;9947;28;9949;51;;;9938.5;0.0
3;114500;SNACKPACK_RASPBERRY;9940;27;9938;57;;;9957;27;9959;57;;;9948.5;0.0
3;114600;SNACKPACK_RASPBERRY;9941;21;9940;54;;;9958;21;9960;54;;;9949.5;0.0
3;114700;SNACKPACK_RASPBERRY;9928;23;9926;50;;;9945;23;9947;50;;;9936.5;0.0
3;114800;SNACKPACK_RASPBERRY;9924;30;9922;50;;;9941;30;9943;50;;;9932.5;0.0
3;114900;SNACKPACK_RASPBERRY;9923;29;9921;48;;;9940;29;9942;48;;;9931.5;0.0
3;115000;SNACKPACK_RASPBERRY;9919;31;9917;56;;;9936;31;9938;56;;;9927.5;0.0
3;115100;SNACKPACK_RASPBERRY;9928;20;9926;50;;;9945;20;9947;50;;;9936.5;0.0
3;115200;SNACKPACK_RASPBERRY;9923;23;9921;45;;;9940;23;9942;45;;;9931.5;0.0
3;115300;SNACKPACK_RASPBERRY;9916;30;9914;54;;;9933;30;9935;54;;;9924.5;0.0
3;115400;SNACKPACK_RASPBERRY;9940;31;9938;60;;;9957;31;9959;60;;;9948.5;0.0
3;115500;SNACKPACK_RASPBERRY;9939;24;9937;45;;;9956;24;9958;45;;;9947.5;0.0
3;115600;SNACKPACK_RASPBERRY;9951;38;9949;42;;;9968;38;9970;42;;;9959.5;0.0
3;115700;SNACKPACK_RASPBERRY;9950;34;9948;43;;;9967;34;9969;43;;;9958.5;0.0
3;115800;SNACKPACK_RASPBERRY;9953;40;9951;44;;;9970;40;9972;44;;;9961.5;0.0
3;115900;SNACKPACK_RASPBERRY;9960;36;9958;47;;;9977;36;9978;47;;;9968.5;0.0
3;116000;SNACKPACK_RASPBERRY;9960;36;9958;44;;;9977;36;9979;44;;;9968.5;0.0
3;116100;SNACKPACK_RASPBERRY;9952;21;9950;46;;;9969;21;9971;46;;;9960.5;0.0
3;116200;SNACKPACK_RASPBERRY;9941;26;9939;48;;;9958;26;9960;48;;;9949.5;0.0
3;116300;SNACKPACK_RASPBERRY;9951;21;9949;54;;;9968;21;9970;54;;;9959.5;0.0
3;116400;SNACKPACK_RASPBERRY;9938;31;9936;58;;;9955;31;9957;58;;;9946.5;0.0
3;116500;SNACKPACK_RASPBERRY;9939;26;9937;43;;;9956;26;9958;43;;;9947.5;0.0
3;116600;SNACKPACK_RASPBERRY;9943;39;9941;56;;;9960;39;9962;56;;;9951.5;0.0
3;116700;SNACKPACK_RASPBERRY;9953;28;9951;46;;;9970;28;9972;46;;;9961.5;0.0
3;116800;SNACKPACK_RASPBERRY;9959;30;9957;55;;;9976;30;9978;55;;;9967.5;0.0
3;116900;SNACKPACK_RASPBERRY;9956;27;9954;42;;;9973;27;9975;42;;;9964.5;0.0
3;117000;SNACKPACK_RASPBERRY;9976;27;9974;50;;;9993;27;9995;50;;;9984.5;0.0
3;117100;SNACKPACK_RASPBERRY;9967;21;9965;44;;;9984;21;9986;44;;;9975.5;0.0
3;117200;SNACKPACK_RASPBERRY;9956;27;9954;42;;;9973;27;9975;42;;;9964.5;0.0
3;117300;SNACKPACK_RASPBERRY;9949;31;9947;42;;;9966;31;9968;42;;;9957.5;0.0
3;117400;SNACKPACK_RASPBERRY;9944;39;9942;50;;;9961;39;9963;50;;;9952.5;0.0
3;117500;SNACKPACK_RASPBERRY;9948;22;9946;47;;;9965;22;9967;47;;;9956.5;0.0
3;117600;SNACKPACK_RASPBERRY;9953;20;9951;46;;;9970;20;9972;46;;;9961.5;0.0
3;117700;SNACKPACK_RASPBERRY;9934;40;9932;44;;;9951;40;9953;44;;;9942.5;0.0
3;117800;SNACKPACK_RASPBERRY;9937;22;9935;41;;;9954;22;9956;41;;;9945.5;0.0
3;117900;SNACKPACK_RASPBERRY;9933;37;9931;49;;;9950;37;9952;49;;;9941.5;0.0
3;118000;SNACKPACK_RASPBERRY;9936;30;9934;59;;;9953;30;9955;59;;;9944.5;0.0
3;118100;SNACKPACK_RASPBERRY;9934;39;9932;40;;;9950;39;9952;40;;;9942.0;0.0
3;118200;SNACKPACK_RASPBERRY;9916;34;9914;46;;;9933;34;9935;46;;;9924.5;0.0
3;118300;SNACKPACK_RASPBERRY;9920;26;9918;57;;;9937;26;9939;57;;;9928.5;0.0
3;118400;SNACKPACK_RASPBERRY;9933;37;9931;57;;;9950;37;9952;57;;;9941.5;0.0
3;118500;SNACKPACK_RASPBERRY;9942;5;9934;26;9932;47;9951;26;9953;47;;;9946.5;0.0
3;118600;SNACKPACK_RASPBERRY;9934;37;9932;40;;;9951;37;9953;40;;;9942.5;0.0
3;118700;SNACKPACK_RASPBERRY;9936;20;9934;41;;;9953;20;9955;41;;;9944.5;0.0
3;118800;SNACKPACK_RASPBERRY;9944;28;9942;60;;;9960;28;9962;60;;;9952.0;0.0
3;118900;SNACKPACK_RASPBERRY;9934;30;9932;54;;;9950;30;9952;54;;;9942.0;0.0
3;119000;SNACKPACK_RASPBERRY;9930;27;9928;57;;;9938;6;9947;27;9949;57;9934.0;0.0
3;119100;SNACKPACK_RASPBERRY;9955;39;9953;48;;;9972;39;9974;48;;;9963.5;0.0
3;119200;SNACKPACK_RASPBERRY;9954;37;9952;44;;;9971;37;9973;44;;;9962.5;0.0
3;119300;SNACKPACK_RASPBERRY;9973;31;9971;47;;;9990;31;9992;47;;;9981.5;0.0
3;119400;SNACKPACK_RASPBERRY;9984;27;9982;46;;;10001;27;10003;46;;;9992.5;0.0
3;119500;SNACKPACK_RASPBERRY;9981;24;9979;45;;;9998;24;10000;45;;;9989.5;0.0
3;119600;SNACKPACK_RASPBERRY;9988;25;9986;60;;;10005;25;10007;60;;;9996.5;0.0
3;119700;SNACKPACK_RASPBERRY;9986;20;9984;57;;;10003;20;10005;57;;;9994.5;0.0
3;119800;SNACKPACK_RASPBERRY;9996;20;9994;43;;;10013;20;10015;43;;;10004.5;0.0
3;119900;SNACKPACK_RASPBERRY;9993;32;9991;57;;;10001;2;10010;32;10012;57;9997.0;0.0
3;120000;SNACKPACK_RASPBERRY;9994;32;9992;41;;;10011;32;10013;41;;;10002.5;0.0
3;120100;SNACKPACK_RASPBERRY;9988;28;9986;41;;;10005;28;10007;41;;;9996.5;0.0
3;120200;SNACKPACK_RASPBERRY;9993;23;9991;45;;;10010;23;10012;45;;;10001.5;0.0
3;120300;SNACKPACK_RASPBERRY;9997;37;9995;42;;;10014;37;10016;42;;;10005.5;0.0
3;120400;SNACKPACK_RASPBERRY;10003;34;10001;51;;;10020;34;10022;51;;;10011.5;0.0
3;120500;SNACKPACK_RASPBERRY;10004;25;10002;43;;;10021;25;10023;43;;;10012.5;0.0
3;120600;SNACKPACK_RASPBERRY;9992;28;9990;50;;;10009;28;10011;50;;;10000.5;0.0
3;120700;SNACKPACK_RASPBERRY;9992;25;9990;60;;;10009;25;10011;60;;;10000.5;0.0
3;120800;SNACKPACK_RASPBERRY;9991;39;9989;42;;;10008;39;10010;42;;;9999.5;0.0
3;120900;SNACKPACK_RASPBERRY;10007;27;10005;55;;;10024;27;10026;55;;;10015.5;0.0
3;121000;SNACKPACK_RASPBERRY;10014;39;10012;43;;;10031;39;10033;43;;;10022.5;0.0
3;121100;SNACKPACK_RASPBERRY;10014;21;10012;48;;;10031;21;10033;48;;;10022.5;0.0
3;121200;SNACKPACK_RASPBERRY;10015;28;10013;49;;;10032;28;10034;49;;;10023.5;0.0
3;121300;SNACKPACK_RASPBERRY;10009;30;10007;45;;;10026;30;10028;45;;;10017.5;0.0
3;121400;SNACKPACK_RASPBERRY;9997;29;9995;48;;;10014;29;10016;48;;;10005.5;0.0
3;121500;SNACKPACK_RASPBERRY;9999;4;9991;27;9989;45;10008;27;10010;45;;;10003.5;0.0
3;121600;SNACKPACK_RASPBERRY;9983;25;9981;50;;;10000;25;10002;50;;;9991.5;0.0
3;121700;SNACKPACK_RASPBERRY;9971;29;9969;44;;;9988;29;9990;44;;;9979.5;0.0
3;121800;SNACKPACK_RASPBERRY;9972;35;9970;58;;;9989;35;9991;58;;;9980.5;0.0
3;121900;SNACKPACK_RASPBERRY;9965;35;9963;60;;;9982;35;9984;60;;;9973.5;0.0
3;122000;SNACKPACK_RASPBERRY;9985;32;9983;44;;;10002;32;10004;44;;;9993.5;0.0
3;122100;SNACKPACK_RASPBERRY;9977;35;9975;40;;;9994;35;9996;40;;;9985.5;0.0
3;122200;SNACKPACK_RASPBERRY;9977;38;9975;44;;;9994;38;9996;44;;;9985.5;0.0
3;122300;SNACKPACK_RASPBERRY;9972;27;9970;45;;;9989;27;9991;45;;;9980.5;0.0
3;122400;SNACKPACK_RASPBERRY;9969;25;9967;60;;;9986;25;9988;60;;;9977.5;0.0
3;122500;SNACKPACK_RASPBERRY;9970;28;9968;54;;;9987;28;9989;54;;;9978.5;0.0
3;122600;SNACKPACK_RASPBERRY;9967;24;9965;52;;;9975;4;9984;24;9986;52;9971.0;0.0
3;122700;SNACKPACK_RASPBERRY;9970;40;9968;60;;;9987;40;9989;60;;;9978.5;0.0
3;122800;SNACKPACK_RASPBERRY;9968;36;9966;44;;;9984;36;9986;44;;;9976.0;0.0
3;122900;SNACKPACK_RASPBERRY;9979;39;9977;51;;;9996;39;9998;51;;;9987.5;0.0
3;123000;SNACKPACK_RASPBERRY;9983;22;9981;46;;;10000;22;10002;46;;;9991.5;0.0
3;123100;SNACKPACK_RASPBERRY;9981;29;9979;60;;;9998;29;10000;60;;;9989.5;0.0
3;123200;SNACKPACK_RASPBERRY;9971;26;9969;57;;;9988;26;9990;57;;;9979.5;0.0
3;123300;SNACKPACK_RASPBERRY;9960;33;9958;51;;;9976;33;9978;51;;;9968.0;0.0
3;123400;SNACKPACK_RASPBERRY;9971;29;9969;54;;;9988;29;9990;54;;;9979.5;0.0
3;123500;SNACKPACK_RASPBERRY;9966;31;9964;54;;;9983;31;9985;54;;;9974.5;0.0
3;123600;SNACKPACK_RASPBERRY;9968;22;9966;43;;;9985;22;9987;43;;;9976.5;0.0
3;123700;SNACKPACK_RASPBERRY;9965;34;9963;60;;;9973;2;9982;34;9984;60;9969.0;0.0
3;123800;SNACKPACK_RASPBERRY;9975;38;9973;60;;;9991;38;9993;60;;;9983.0;0.0
3;123900;SNACKPACK_RASPBERRY;9993;26;9991;44;;;10010;26;10012;44;;;10001.5;0.0
3;124000;SNACKPACK_RASPBERRY;9984;22;9982;55;;;10001;22;10003;55;;;9992.5;0.0
3;124100;SNACKPACK_RASPBERRY;9990;28;9988;46;;;10007;28;10009;46;;;9998.5;0.0
3;124200;SNACKPACK_RASPBERRY;9983;23;9981;49;;;10000;23;10002;49;;;9991.5;0.0
3;124300;SNACKPACK_RASPBERRY;9992;32;9990;42;;;10009;32;10011;42;;;10000.5;0.0
3;124400;SNACKPACK_RASPBERRY;9989;30;9987;56;;;10006;30;10008;56;;;9997.5;0.0
3;124500;SNACKPACK_RASPBERRY;9995;38;9993;46;;;10012;38;10014;46;;;10003.5;0.0
3;124600;SNACKPACK_RASPBERRY;9985;37;9983;59;;;10002;37;10004;59;;;9993.5;0.0
3;124700;SNACKPACK_RASPBERRY;9991;23;9989;49;;;10008;23;10010;49;;;9999.5;0.0
3;124800;SNACKPACK_RASPBERRY;9987;22;9985;51;;;10004;22;10006;51;;;9995.5;0.0
3;124900;SNACKPACK_RASPBERRY;9989;32;9987;44;;;10006;32;10008;44;;;9997.5;0.0
3;125000;SNACKPACK_RASPBERRY;9988;34;9986;43;;;10005;34;10007;43;;;9996.5;0.0
3;125100;SNACKPACK_RASPBERRY;9990;35;9988;53;;;10007;35;10009;53;;;9998.5;0.0
