day;timestamp;product;bid_price_1;bid_volume_1;bid_price_2;bid_volume_2;bid_price_3;bid_volume_3;ask_price_1;ask_volume_1;ask_price_2;ask_volume_2;ask_price_3;ask_volume_3;mid_price;profit_and_loss
4;0;SNACKPACK_RASPBERRY;10112;33;10110;42;;;10129;33;10131;42;;;10120.5;0.0
4;100;SNACKPACK_RASPBERRY;10111;39;10109;59;;;10129;39;10131;59;;;10120.0;0.0
4;200;SNACKPACK_RASPBERRY;10096;28;10094;41;;;10114;28;10116;41;;;10105.0;0.0
4;300;SNACKPACK_RASPBERRY;10099;25;10097;56;;;10116;25;10118;56;;;10107.5;0.0
4;400;SNACKPACK_RASPBERRY;10118;26;10116;54;;;10135;26;10137;54;;;10126.5;0.0
4;500;SNACKPACK_RASPBERRY;10120;36;10118;47;;;10137;36;10139;47;;;10128.5;0.0
4;600;SNACKPACK_RASPBERRY;10127;30;10125;42;;;10144;30;10146;42;;;10135.5;0.0
4;700;SNACKPACK_RASPBERRY;10123;33;10121;40;;;10140;33;10142;40;;;10131.5;0.0
4;800;SNACKPACK_RASPBERRY;10102;35;10100;47;;;10119;35;10121;47;;;10110.5;0.0
4;900;SNACKPACK_RASPBERRY;10114;23;10112;50;;;10131;23;10133;50;;;10122.5;0.0
4;1000;SNACKPACK_RASPBERRY;10115;22;10113;59;;;10132;22;10134;59;;;10123.5;0.0
4;1100;SNACKPACK_RASPBERRY;10116;33;10114;53;;;10134;33;10136;53;;;10125.0;0.0
4;1200;SNACKPACK_RASPBERRY;10101;30;10099;48;;;10118;30;10120;48;;;10109.5;0.0
4;1300;SNACKPACK_RASPBERRY;10114;34;10112;58;;;10132;34;10134;58;;;10123.0;0.0
4;1400;SNACKPACK_RASPBERRY;10106;20;10104;47;;;10124;20;10126;47;;;10115.0;0.0
4;1500;SNACKPACK_RASPBERRY;10101;27;10099;45;;;10119;27;10121;45;;;10110.0;0.0
4;1600;SNACKPACK_RASPBERRY;10096;34;10094;46;;;10114;34;10116;46;;;10105.0;0.0
4;1700;SNACKPACK_RASPBERRY;10095;24;10093;44;;;10112;24;10114;44;;;10103.5;0.0
4;1800;SNACKPACK_RASPBERRY;10105;28;10103;49;;;10122;28;10124;49;;;10113.5;0.0
4;1900;SNACKPACK_RASPBERRY;10115;20;10113;57;;;10132;20;10134;57;;;10123.5;0.0
4;2000;SNACKPACK_RASPBERRY;10121;34;10119;59;;;10138;34;10140;59;;;10129.5;0.0
4;2100;SNACKPACK_RASPBERRY;10119;34;10117;58;;;10136;34;10138;58;;;10127.5;0.0
4;2200;SNACKPACK_RASPBERRY;10117;37;10115;59;;;10134;37;10136;59;;;10125.5;0.0
4;2300;SNACKPACK_RASPBERRY;10125;22;10123;45;;;10142;22;10144;45;;;10133.5;0.0
4;2400;SNACKPACK_RASPBERRY;10116;26;10114;50;;;10134;26;10136;50;;;10125.0;0.0
4;2500;SNACKPACK_RASPBERRY;10111;33;10109;44;;;10128;33;10130;44;;;10119.5;0.0
4;2600;SNACKPACK_RASPBERRY;10109;22;10107;56;;;10126;22;10128;56;;;10117.5;0.0
4;2700;SNACKPACK_RASPBERRY;10113;33;10111;45;;;10130;33;10132;45;;;10121.5;0.0
4;2800;SNACKPACK_RASPBERRY;10129;27;10127;50;;;10146;27;10148;50;;;10137.5;0.0
4;2900;SNACKPACK_RASPBERRY;10126;38;10124;44;;;10143;38;10145;44;;;10134.5;0.0
4;3000;SNACKPACK_RASPBERRY;10121;20;10118;50;;;10138;20;10140;50;;;10129.5;0.0
4;3100;SNACKPACK_RASPBERRY;10131;20;10129;53;;;10149;20;10151;53;;;10140.0;0.0
4;3200;SNACKPACK_RASPBERRY;10141;32;10139;53;;;10158;32;10160;53;;;10149.5;0.0
4;3300;SNACKPACK_RASPBERRY;10146;38;10144;58;;;10164;38;10166;58;;;10155.0;0.0
4;3400;SNACKPACK_RASPBERRY;10148;33;10146;41;;;10165;33;10167;41;;;10156.5;0.0
4;3500;SNACKPACK_RASPBERRY;10144;26;10142;45;;;10161;26;10163;45;;;10152.5;0.0
4;3600;SNACKPACK_RASPBERRY;10146;33;10144;44;;;10164;33;10166;44;;;10155.0;0.0
4;3700;SNACKPACK_RASPBERRY;10140;39;10138;44;;;10157;39;10159;44;;;10148.5;0.0
4;3800;SNACKPACK_RASPBERRY;10155;33;10153;41;;;10172;33;10174;41;;;10163.5;0.0
4;3900;SNACKPACK_RASPBERRY;10154;21;10152;47;;;10172;21;10174;47;;;10163.0;0.0
4;4000;SNACKPACK_RASPBERRY;10153;28;10151;52;;;10171;28;10173;52;;;10162.0;0.0
4;4100;SNACKPACK_RASPBERRY;10143;33;10141;54;;;10160;33;10162;54;;;10151.5;0.0
4;4200;SNACKPACK_RASPBERRY;10137;34;10135;54;;;10154;34;10156;54;;;10145.5;0.0
4;4300;SNACKPACK_RASPBERRY;10133;34;10131;53;;;10150;34;10152;53;;;10141.5;0.0
4;4400;SNACKPACK_RASPBERRY;10119;21;10117;48;;;10136;21;10138;48;;;10127.5;0.0
4;4500;SNACKPACK_RASPBERRY;10112;24;10110;55;;;10130;24;10132;55;;;10121.0;0.0
4;4600;SNACKPACK_RASPBERRY;10109;23;10107;50;;;10126;23;10128;50;;;10117.5;0.0
4;4700;SNACKPACK_RASPBERRY;10114;31;10112;51;;;10131;31;10133;51;;;10122.5;0.0
4;4800;SNACKPACK_RASPBERRY;10127;39;10125;59;;;10144;39;10146;59;;;10135.5;0.0
4;4900;SNACKPACK_RASPBERRY;10126;25;10124;59;;;10143;25;10145;59;;;10134.5;0.0
4;5000;SNACKPACK_RASPBERRY;10123;23;10121;57;;;10140;23;10142;57;;;10131.5;0.0
4;5100;SNACKPACK_RASPBERRY;10127;39;10125;56;;;10144;39;10146;56;;;10135.5;0.0
4;5200;SNACKPACK_RASPBERRY;10106;20;10104;55;;;10123;20;10125;55;;;10114.5;0.0
4;5300;SNACKPACK_RASPBERRY;10104;25;10102;40;;;10122;25;10124;40;;;10113.0;0.0
4;5400;SNACKPACK_RASPBERRY;10108;32;10106;58;;;10125;32;10127;58;;;10116.5;0.0
4;5500;SNACKPACK_RASPBERRY;10097;32;10095;52;;;10114;32;10116;52;;;10105.5;0.0
4;5600;SNACKPACK_RASPBERRY;10089;32;10087;41;;;10107;32;10109;41;;;10098.0;0.0
4;5700;SNACKPACK_RASPBERRY;10095;31;10092;43;;;10112;31;10114;43;;;10103.5;0.0
4;5800;SNACKPACK_RASPBERRY;10087;30;10085;42;;;10104;30;10106;42;;;10095.5;0.0
4;5900;SNACKPACK_RASPBERRY;10090;37;10088;47;;;10107;37;10109;47;;;10098.5;0.0
4;6000;SNACKPACK_RASPBERRY;10098;28;10096;57;;;10115;28;10117;57;;;10106.5;0.0
4;6100;SNACKPACK_RASPBERRY;10098;22;10096;49;;;10115;22;10117;49;;;10106.5;0.0
4;6200;SNACKPACK_RASPBERRY;10086;26;10084;49;;;10103;26;10105;49;;;10094.5;0.0
4;6300;SNACKPACK_RASPBERRY;10080;36;10078;48;;;10097;36;10099;48;;;10088.5;0.0
4;6400;SNACKPACK_RASPBERRY;10081;26;10079;48;;;10099;26;10101;48;;;10090.0;0.0
4;6500;SNACKPACK_RASPBERRY;10071;30;10069;48;;;10088;30;10090;48;;;10079.5;0.0
4;6600;SNACKPACK_RASPBERRY;10068;36;10066;49;;;10085;36;10087;49;;;10076.5;0.0
4;6700;SNACKPACK_RASPBERRY;10089;35;10087;56;;;10107;35;10109;56;;;10098.0;0.0
4;6800;SNACKPACK_RASPBERRY;10094;25;10092;50;;;10111;25;10113;50;;;10102.5;0.0
4;6900;SNACKPACK_RASPBERRY;10087;36;10085;53;;;10104;36;10106;53;;;10095.5;0.0
4;7000;SNACKPACK_RASPBERRY;10084;39;10082;44;;;10101;39;10103;44;;;10092.5;0.0
4;7100;SNACKPACK_RASPBERRY;10081;29;10079;52;;;10098;29;10100;52;;;10089.5;0.0
4;7200;SNACKPACK_RASPBERRY;10078;27;10076;53;;;10095;27;10097;53;;;10086.5;0.0
4;7300;SNACKPACK_RASPBERRY;10089;35;10087;57;;;10107;35;10109;57;;;10098.0;0.0
4;7400;SNACKPACK_RASPBERRY;10091;22;10089;54;;;10108;22;10110;54;;;10099.5;0.0
4;7500;SNACKPACK_RASPBERRY;10089;24;10087;60;;;10106;24;10108;60;;;10097.5;0.0
4;7600;SNACKPACK_RASPBERRY;10081;40;10079;52;;;10098;40;10100;52;;;10089.5;0.0
4;7700;SNACKPACK_RASPBERRY;10080;38;10078;51;;;10097;38;10099;51;;;10088.5;0.0
4;7800;SNACKPACK_RASPBERRY;10089;35;10087;57;;;10106;35;10108;57;;;10097.5;0.0
4;7900;SNACKPACK_RASPBERRY;10103;20;10101;48;;;10120;20;10122;48;;;10111.5;0.0
4;8000;SNACKPACK_RASPBERRY;10104;33;10102;54;;;10121;33;10123;54;;;10112.5;0.0
4;8100;SNACKPACK_RASPBERRY;10112;36;10110;49;;;10129;36;10131;49;;;10120.5;0.0
4;8200;SNACKPACK_RASPBERRY;10115;21;10113;41;;;10132;21;10134;41;;;10123.5;0.0
4;8300;SNACKPACK_RASPBERRY;10113;31;10111;49;;;10130;31;10132;49;;;10121.5;0.0
4;8400;SNACKPACK_RASPBERRY;10108;35;10105;43;;;10125;35;10127;43;;;10116.5;0.0
4;8500;SNACKPACK_RASPBERRY;10115;28;10113;60;;;10132;28;10134;60;;;10123.5;0.0
4;8600;SNACKPACK_RASPBERRY;10110;22;10108;49;;;10128;22;10130;49;;;10119.0;0.0
4;8700;SNACKPACK_RASPBERRY;10123;35;10121;44;;;10140;35;10142;44;;;10131.5;0.0
4;8800;SNACKPACK_RASPBERRY;10124;34;10122;44;;;10142;34;10144;44;;;10133.0;0.0
4;8900;SNACKPACK_RASPBERRY;10137;26;10135;48;;;10154;26;10156;48;;;10145.5;0.0
4;9000;SNACKPACK_RASPBERRY;10150;2;10141;28;10139;40;10159;28;10161;40;;;10154.5;0.0
4;9100;SNACKPACK_RASPBERRY;10132;40;10130;42;;;10149;40;10151;42;;;10140.5;0.0
4;9200;SNACKPACK_RASPBERRY;10134;37;10132;58;;;10151;37;10153;58;;;10142.5;0.0
4;9300;SNACKPACK_RASPBERRY;10134;36;10132;47;;;10151;36;10153;47;;;10142.5;0.0
4;9400;SNACKPACK_RASPBERRY;10143;39;10141;42;;;10160;39;10162;42;;;10151.5;0.0
4;9500;SNACKPACK_RASPBERRY;10153;27;10151;59;;;10170;27;10172;59;;;10161.5;0.0
4;9600;SNACKPACK_RASPBERRY;10164;36;10162;55;;;10181;36;10183;55;;;10172.5;0.0
4;9700;SNACKPACK_RASPBERRY;10153;39;10151;43;;;10170;39;10172;43;;;10161.5;0.0
4;9800;SNACKPACK_RASPBERRY;10133;31;10131;52;;;10150;31;10152;52;;;10141.5;0.0
4;9900;SNACKPACK_RASPBERRY;10136;21;10134;49;;;10154;21;10156;49;;;10145.0;0.0
4;10000;SNACKPACK_RASPBERRY;10146;24;10144;53;;;10163;24;10165;53;;;10154.5;0.0
4;10100;SNACKPACK_RASPBERRY;10133;35;10131;51;;;10150;35;10152;51;;;10141.5;0.0
4;10200;SNACKPACK_RASPBERRY;10120;34;10118;56;;;10137;34;10140;56;;;10128.5;0.0
4;10300;SNACKPACK_RASPBERRY;10116;24;10114;51;;;10133;24;10135;51;;;10124.5;0.0
4;10400;SNACKPACK_RASPBERRY;10103;35;10101;42;;;10120;35;10122;42;;;10111.5;0.0
4;10500;SNACKPACK_RASPBERRY;10114;37;10112;60;;;10131;37;10133;60;;;10122.5;0.0
4;10600;SNACKPACK_RASPBERRY;10109;20;10107;58;;;10117;6;10127;20;10129;58;10113.0;0.0
4;10700;SNACKPACK_RASPBERRY;10121;31;10119;45;;;10138;31;10140;45;;;10129.5;0.0
4;10800;SNACKPACK_RASPBERRY;10125;30;10123;58;;;10142;30;10144;58;;;10133.5;0.0
4;10900;SNACKPACK_RASPBERRY;10121;37;10119;47;;;10138;37;10140;47;;;10129.5;0.0
4;11000;SNACKPACK_RASPBERRY;10115;28;10113;40;;;10132;28;10134;40;;;10123.5;0.0
4;11100;SNACKPACK_RASPBERRY;10113;33;10111;48;;;10130;33;10132;48;;;10121.5;0.0
4;11200;SNACKPACK_RASPBERRY;10116;22;10114;43;;;10133;22;10135;43;;;10124.5;0.0
4;11300;SNACKPACK_RASPBERRY;10118;20;10115;48;;;10135;20;10137;48;;;10126.5;0.0
4;11400;SNACKPACK_RASPBERRY;10121;29;10119;57;;;10138;29;10140;57;;;10129.5;0.0
4;11500;SNACKPACK_RASPBERRY;10113;24;10111;47;;;10130;24;10132;47;;;10121.5;0.0
4;11600;SNACKPACK_RASPBERRY;10101;29;10099;40;;;10118;29;10120;40;;;10109.5;0.0
4;11700;SNACKPACK_RASPBERRY;10090;25;10088;42;;;10107;25;10109;42;;;10098.5;0.0
4;11800;SNACKPACK_RASPBERRY;10104;20;10102;42;;;10121;20;10123;42;;;10112.5;0.0
4;11900;SNACKPACK_RASPBERRY;10096;21;10094;45;;;10113;21;10115;45;;;10104.5;0.0
4;12000;SNACKPACK_RASPBERRY;10089;33;10087;46;;;10106;33;10108;46;;;10097.5;0.0
4;12100;SNACKPACK_RASPBERRY;10088;27;10086;43;;;10105;27;10107;43;;;10096.5;0.0
4;12200;SNACKPACK_RASPBERRY;10083;34;10081;54;;;10101;34;10103;54;;;10092.0;0.0
4;12300;SNACKPACK_RASPBERRY;10079;31;10077;52;;;10096;31;10098;52;;;10087.5;0.0
4;12400;SNACKPACK_RASPBERRY;10074;20;10072;56;;;10091;20;10094;56;;;10082.5;0.0
4;12500;SNACKPACK_RASPBERRY;10072;30;10070;42;;;10089;30;10091;42;;;10080.5;0.0
4;12600;SNACKPACK_RASPBERRY;10070;33;10068;58;;;10088;33;10090;58;;;10079.0;0.0
4;12700;SNACKPACK_RASPBERRY;10075;5;10067;22;10065;54;10084;22;10086;54;;;10079.5;0.0
4;12800;SNACKPACK_RASPBERRY;10070;21;10068;58;;;10087;21;10089;58;;;10078.5;0.0
4;12900;SNACKPACK_RASPBERRY;10066;33;10064;41;;;10083;33;10085;41;;;10074.5;0.0
4;13000;SNACKPACK_RASPBERRY;10067;25;10065;47;;;10084;25;10086;47;;;10075.5;0.0
4;13100;SNACKPACK_RASPBERRY;10073;26;10071;40;;;10090;26;10092;40;;;10081.5;0.0
4;13200;SNACKPACK_RASPBERRY;10077;35;10075;41;;;10094;35;10096;41;;;10085.5;0.0
4;13300;SNACKPACK_RASPBERRY;10075;38;10073;45;;;10092;38;10094;45;;;10083.5;0.0
4;13400;SNACKPACK_RASPBERRY;10075;34;10073;55;;;10092;34;10094;55;;;10083.5;0.0
4;13500;SNACKPACK_RASPBERRY;10070;34;10068;52;;;10087;34;10089;52;;;10078.5;0.0
4;13600;SNACKPACK_RASPBERRY;10070;20;10068;49;;;10087;20;10089;49;;;10078.5;0.0
4;13700;SNACKPACK_RASPBERRY;10066;40;10064;42;;;10083;40;10085;42;;;10074.5;0.0
4;13800;SNACKPACK_RASPBERRY;10063;29;10061;52;;;10080;29;10082;52;;;10071.5;0.0
4;13900;SNACKPACK_RASPBERRY;10062;30;10060;52;;;10079;30;10081;52;;;10070.5;0.0
4;14000;SNACKPACK_RASPBERRY;10071;25;10069;42;;;10088;25;10090;42;;;10079.5;0.0
4;14100;SNACKPACK_RASPBERRY;10085;34;10083;58;;;10103;34;10105;58;;;10094.0;0.0
4;14200;SNACKPACK_RASPBERRY;10083;39;10081;49;;;10101;39;10103;49;;;10092.0;0.0
4;14300;SNACKPACK_RASPBERRY;10087;34;10085;42;;;10104;34;10106;42;;;10095.5;0.0
4;14400;SNACKPACK_RASPBERRY;10093;20;10091;52;;;10110;20;10112;52;;;10101.5;0.0
4;14500;SNACKPACK_RASPBERRY;10100;38;10098;60;;;10118;38;10120;60;;;10109.0;0.0
4;14600;SNACKPACK_RASPBERRY;10105;33;10103;43;;;10122;33;10124;43;;;10113.5;0.0
4;14700;SNACKPACK_RASPBERRY;10097;33;10095;51;;;10114;33;10116;51;;;10105.5;0.0
4;14800;SNACKPACK_RASPBERRY;10091;21;10089;41;;;10108;21;10110;41;;;10099.5;0.0
4;14900;SNACKPACK_RASPBERRY;10090;20;10088;43;;;10107;20;10109;43;;;10098.5;0.0
4;15000;SNACKPACK_RASPBERRY;10082;31;10080;60;;;10099;31;10101;60;;;10090.5;0.0
4;15100;SNACKPACK_RASPBERRY;10083;40;10081;56;;;10100;40;10102;56;;;10091.5;0.0
4;15200;SNACKPACK_RASPBERRY;10077;22;10075;53;;;10095;22;10097;53;;;10086.0;0.0
4;15300;SNACKPACK_RASPBERRY;10082;21;10080;57;;;10099;21;10101;57;;;10090.5;0.0
4;15400;SNACKPACK_RASPBERRY;10094;37;10092;42;;;10111;37;10113;42;;;10102.5;0.0
4;15500;SNACKPACK_RASPBERRY;10102;27;10100;50;;;10119;27;10121;50;;;10110.5;0.0
4;15600;SNACKPACK_RASPBERRY;10110;24;10108;40;;;10128;24;10130;40;;;10119.0;0.0
4;15700;SNACKPACK_RASPBERRY;10101;38;10099;44;;;10118;38;10120;44;;;10109.5;0.0
4;15800;SNACKPACK_RASPBERRY;10122;32;10120;47;;;10139;32;10141;47;;;10130.5;0.0
4;15900;SNACKPACK_RASPBERRY;10126;31;10124;43;;;10143;31;10145;43;;;10134.5;0.0
4;16000;SNACKPACK_RASPBERRY;10123;37;10120;53;;;10140;37;10142;53;;;10131.5;0.0
4;16100;SNACKPACK_RASPBERRY;10125;34;10123;57;;;10142;34;10144;57;;;10133.5;0.0
4;16200;SNACKPACK_RASPBERRY;10106;26;10104;53;;;10124;26;10126;53;;;10115.0;0.0
4;16300;SNACKPACK_RASPBERRY;10106;36;10104;45;;;10123;36;10125;45;;;10114.5;0.0
4;16400;SNACKPACK_RASPBERRY;10110;28;10108;57;;;10127;28;10129;57;;;10118.5;0.0
4;16500;SNACKPACK_RASPBERRY;10105;37;10103;41;;;10123;37;10125;41;;;10114.0;0.0
4;16600;SNACKPACK_RASPBERRY;10102;37;10100;50;;;10120;37;10122;50;;;10111.0;0.0
4;16700;SNACKPACK_RASPBERRY;10110;31;10108;42;;;10128;31;10130;42;;;10119.0;0.0
4;16800;SNACKPACK_RASPBERRY;10115;34;10113;53;;;10133;34;10135;53;;;10124.0;0.0
4;16900;SNACKPACK_RASPBERRY;10124;39;10122;43;;;10141;39;10143;43;;;10132.5;0.0
4;17000;SNACKPACK_RASPBERRY;10117;36;10115;46;;;10134;36;10136;46;;;10125.5;0.0
4;17100;SNACKPACK_RASPBERRY;10132;36;10130;46;;;10149;36;10151;46;;;10140.5;0.0
4;17200;SNACKPACK_RASPBERRY;10132;30;10130;46;;;10149;30;10151;46;;;10140.5;0.0
4;17300;SNACKPACK_RASPBERRY;10132;36;10130;54;;;10149;36;10151;54;;;10140.5;0.0
4;17400;SNACKPACK_RASPBERRY;10133;25;10131;52;;;10150;25;10152;52;;;10141.5;0.0
4;17500;SNACKPACK_RASPBERRY;10127;6;10119;21;10117;44;10136;21;10138;44;;;10131.5;0.0
4;17600;SNACKPACK_RASPBERRY;10132;34;10130;57;;;10149;34;10151;57;;;10140.5;0.0
4;17700;SNACKPACK_RASPBERRY;10140;25;10138;50;;;10157;25;10160;50;;;10148.5;0.0
4;17800;SNACKPACK_RASPBERRY;10141;32;10139;48;;;10159;32;10161;48;;;10150.0;0.0
4;17900;SNACKPACK_RASPBERRY;10145;36;10143;41;;;10162;36;10164;41;;;10153.5;0.0
4;18000;SNACKPACK_RASPBERRY;10133;31;10131;44;;;10150;31;10152;44;;;10141.5;0.0
4;18100;SNACKPACK_RASPBERRY;10129;34;10127;47;;;10146;34;10148;47;;;10137.5;0.0
4;18200;SNACKPACK_RASPBERRY;10124;22;10122;41;;;10141;22;10143;41;;;10132.5;0.0
4;18300;SNACKPACK_RASPBERRY;10132;21;10130;58;;;10149;21;10151;58;;;10140.5;0.0
4;18400;SNACKPACK_RASPBERRY;10134;27;10132;42;;;10151;27;10153;42;;;10142.5;0.0
4;18500;SNACKPACK_RASPBERRY;10138;37;10136;55;;;10156;37;10158;55;;;10147.0;0.0
4;18600;SNACKPACK_RASPBERRY;10135;26;10133;59;;;10152;26;10154;59;;;10143.5;0.0
4;18700;SNACKPACK_RASPBERRY;10135;23;10133;53;;;10153;23;10155;53;;;10144.0;0.0
4;18800;SNACKPACK_RASPBERRY;10140;40;10138;42;;;10157;40;10160;42;;;10148.5;0.0
4;18900;SNACKPACK_RASPBERRY;10153;21;10151;50;;;10170;21;10172;50;;;10161.5;0.0
4;19000;SNACKPACK_RASPBERRY;10145;30;10143;45;;;10163;30;10165;45;;;10154.0;0.0
4;19100;SNACKPACK_RASPBERRY;10161;21;10159;47;;;10179;21;10181;47;;;10170.0;0.0
4;19200;SNACKPACK_RASPBERRY;10155;20;10153;41;;;10172;20;10174;41;;;10163.5;0.0
4;19300;SNACKPACK_RASPBERRY;10164;39;10162;56;;;10181;39;10183;56;;;10172.5;0.0
4;19400;SNACKPACK_RASPBERRY;10171;28;10169;42;;;10188;28;10190;42;;;10179.5;0.0
4;19500;SNACKPACK_RASPBERRY;10170;24;10168;40;;;10187;24;10189;40;;;10178.5;0.0
4;19600;SNACKPACK_RASPBERRY;10175;27;10173;58;;;10192;27;10194;58;;;10183.5;0.0
4;19700;SNACKPACK_RASPBERRY;10181;26;10179;40;;;10198;26;10200;40;;;10189.5;0.0
4;19800;SNACKPACK_RASPBERRY;10177;31;10175;53;;;10194;31;10196;53;;;10185.5;0.0
4;19900;SNACKPACK_RASPBERRY;10185;26;10183;58;;;10203;26;10205;58;;;10194.0;0.0
4;20000;SNACKPACK_RASPBERRY;10189;20;10187;49;;;10206;20;10208;49;;;10197.5;0.0
4;20100;SNACKPACK_RASPBERRY;10203;39;10201;40;;;10220;39;10222;40;;;10211.5;0.0
4;20200;SNACKPACK_RASPBERRY;10207;35;10205;56;;;10225;35;10227;56;;;10216.0;0.0
4;20300;SNACKPACK_RASPBERRY;10218;28;10216;51;;;10235;28;10237;51;;;10226.5;0.0
4;20400;SNACKPACK_RASPBERRY;10210;20;10208;50;;;10228;20;10230;50;;;10219.0;0.0
4;20500;SNACKPACK_RASPBERRY;10202;22;10200;55;;;10220;22;10222;55;;;10211.0;0.0
4;20600;SNACKPACK_RASPBERRY;10197;37;10195;57;;;10215;37;10217;57;;;10206.0;0.0
4;20700;SNACKPACK_RASPBERRY;10187;25;10185;50;;;10204;25;10206;50;;;10195.5;0.0
4;20800;SNACKPACK_RASPBERRY;10182;27;10180;49;;;10200;27;10202;49;;;10191.0;0.0
4;20900;SNACKPACK_RASPBERRY;10182;28;10180;41;;;10200;28;10202;41;;;10191.0;0.0
4;21000;SNACKPACK_RASPBERRY;10182;30;10180;56;;;10199;30;10201;56;;;10190.5;0.0
4;21100;SNACKPACK_RASPBERRY;10191;28;10189;49;;;10208;28;10210;49;;;10199.5;0.0
4;21200;SNACKPACK_RASPBERRY;10189;30;10187;52;;;10206;30;10208;52;;;10197.5;0.0
4;21300;SNACKPACK_RASPBERRY;10176;23;10174;56;;;10194;23;10196;56;;;10185.0;0.0
4;21400;SNACKPACK_RASPBERRY;10176;37;10174;59;;;10193;37;10196;59;;;10184.5;0.0
4;21500;SNACKPACK_RASPBERRY;10181;34;10179;54;;;10198;34;10200;54;;;10189.5;0.0
4;21600;SNACKPACK_RASPBERRY;10173;30;10171;50;;;10190;30;10192;50;;;10181.5;0.0
4;21700;SNACKPACK_RASPBERRY;10174;27;10172;56;;;10192;27;10194;56;;;10183.0;0.0
4;21800;SNACKPACK_RASPBERRY;10166;39;10164;41;;;10184;39;10186;41;;;10175.0;0.0
4;21900;SNACKPACK_RASPBERRY;10176;40;10174;44;;;10194;40;10196;44;;;10185.0;0.0
4;22000;SNACKPACK_RASPBERRY;10182;34;10180;59;;;10200;34;10202;59;;;10191.0;0.0
4;22100;SNACKPACK_RASPBERRY;10187;35;10185;60;;;10204;35;10206;60;;;10195.5;0.0
4;22200;SNACKPACK_RASPBERRY;10185;26;10183;59;;;10203;26;10205;59;;;10194.0;0.0
4;22300;SNACKPACK_RASPBERRY;10182;35;10180;55;;;10200;35;10202;55;;;10191.0;0.0
4;22400;SNACKPACK_RASPBERRY;10182;25;10180;55;;;10199;25;10201;55;;;10190.5;0.0
4;22500;SNACKPACK_RASPBERRY;10187;23;10185;60;;;10204;23;10206;60;;;10195.5;0.0
4;22600;SNACKPACK_RASPBERRY;10204;26;10202;50;;;10222;26;10224;50;;;10213.0;0.0
4;22700;SNACKPACK_RASPBERRY;10208;26;10206;41;;;10226;26;10228;41;;;10217.0;0.0
4;22800;SNACKPACK_RASPBERRY;10213;40;10211;53;;;10230;40;10232;53;;;10221.5;0.0
4;22900;SNACKPACK_RASPBERRY;10218;33;10216;55;;;10236;33;10238;55;;;10227.0;0.0
4;23000;SNACKPACK_RASPBERRY;10229;23;10227;45;;;10247;23;10249;45;;;10238.0;0.0
4;23100;SNACKPACK_RASPBERRY;10245;32;10243;54;;;10263;32;10265;54;;;10254.0;0.0
4;23200;SNACKPACK_RASPBERRY;10234;35;10232;60;;;10252;35;10254;60;;;10243.0;0.0
4;23300;SNACKPACK_RASPBERRY;10229;40;10227;49;;;10247;40;10249;49;;;10238.0;0.0
4;23400;SNACKPACK_RASPBERRY;10233;34;10231;51;;;10251;34;10253;51;;;10242.0;0.0
4;23500;SNACKPACK_RASPBERRY;10247;22;10245;40;;;10264;22;10266;40;;;10255.5;0.0
4;23600;SNACKPACK_RASPBERRY;10249;27;10247;44;;;10267;27;10269;44;;;10258.0;0.0
4;23700;SNACKPACK_RASPBERRY;10248;22;10245;48;;;10265;22;10267;48;;;10256.5;0.0
4;23800;SNACKPACK_RASPBERRY;10247;39;10245;51;;;10265;39;10267;51;;;10256.0;0.0
4;23900;SNACKPACK_RASPBERRY;10254;25;10252;41;;;10271;25;10273;41;;;10262.5;0.0
4;24000;SNACKPACK_RASPBERRY;10248;21;10246;51;;;10266;21;10268;51;;;10257.0;0.0
4;24100;SNACKPACK_RASPBERRY;10253;23;10251;57;;;10271;23;10273;57;;;10262.0;0.0
4;24200;SNACKPACK_RASPBERRY;10244;36;10242;47;;;10261;36;10263;47;;;10252.5;0.0
4;24300;SNACKPACK_RASPBERRY;10238;29;10236;52;;;10255;29;10257;52;;;10246.5;0.0
4;24400;SNACKPACK_RASPBERRY;10250;25;10248;56;;;10267;25;10269;56;;;10258.5;0.0
4;24500;SNACKPACK_RASPBERRY;10249;28;10247;44;;;10266;28;10269;44;;;10257.5;0.0
4;24600;SNACKPACK_RASPBERRY;10251;28;10249;47;;;10269;28;10271;47;;;10260.0;0.0
4;24700;SNACKPACK_RASPBERRY;10252;39;10250;45;;;10269;39;10271;45;;;10260.5;0.0
4;24800;SNACKPACK_RASPBERRY;10250;4;10242;34;10240;40;10259;34;10262;40;;;10254.5;0.0
4;24900;SNACKPACK_RASPBERRY;10236;25;10234;58;;;10254;25;10256;58;;;10245.0;0.0
4;25000;SNACKPACK_RASPBERRY;10238;22;10236;47;;;10255;22;10257;47;;;10246.5;0.0
4;25100;SNACKPACK_RASPBERRY;10244;34;10241;42;;;10261;34;10263;42;;;10252.5;0.0
4;25200;SNACKPACK_RASPBERRY;10239;27;10237;41;;;10256;27;10258;41;;;10247.5;0.0
4;25300;SNACKPACK_RASPBERRY;10246;40;10244;59;;;10263;40;10265;59;;;10254.5;0.0
4;25400;SNACKPACK_RASPBERRY;10242;30;10240;58;;;10260;30;10262;58;;;10251.0;0.0
4;25500;SNACKPACK_RASPBERRY;10235;22;10233;55;;;10252;22;10254;55;;;10243.5;0.0
4;25600;SNACKPACK_RASPBERRY;10233;28;10231;42;;;10250;28;10252;42;;;10241.5;0.0
4;25700;SNACKPACK_RASPBERRY;10229;31;10227;49;;;10246;31;10248;49;;;10237.5;0.0
4;25800;SNACKPACK_RASPBERRY;10221;36;10219;54;;;10238;36;10240;54;;;10229.5;0.0
4;25900;SNACKPACK_RASPBERRY;10222;40;10220;48;;;10239;40;10241;48;;;10230.5;0.0
4;26000;SNACKPACK_RASPBERRY;10225;33;10222;50;;;10242;33;10244;50;;;10233.5;0.0
4;26100;SNACKPACK_RASPBERRY;10231;23;10229;45;;;10249;23;10251;45;;;10240.0;0.0
4;26200;SNACKPACK_RASPBERRY;10237;39;10235;55;;;10255;39;10257;55;;;10246.0;0.0
4;26300;SNACKPACK_RASPBERRY;10252;22;10250;58;;;10270;22;10272;58;;;10261.0;0.0
4;26400;SNACKPACK_RASPBERRY;10255;6;10246;31;10244;50;10264;31;10266;50;;;10259.5;0.0
4;26500;SNACKPACK_RASPBERRY;10243;35;10241;54;;;10260;35;10262;54;;;10251.5;0.0
4;26600;SNACKPACK_RASPBERRY;10253;26;10251;40;;;10270;26;10272;40;;;10261.5;0.0
4;26700;SNACKPACK_RASPBERRY;10254;39;10252;42;;;10271;39;10273;42;;;10262.5;0.0
4;26800;SNACKPACK_RASPBERRY;10258;35;10256;59;;;10276;35;10278;59;;;10267.0;0.0
4;26900;SNACKPACK_RASPBERRY;10243;32;10241;57;;;10260;32;10262;57;;;10251.5;0.0
4;27000;SNACKPACK_RASPBERRY;10244;35;10242;49;;;10262;35;10264;49;;;10253.0;0.0
4;27100;SNACKPACK_RASPBERRY;10257;27;10255;42;;;10275;27;10277;42;;;10266.0;0.0
4;27200;SNACKPACK_RASPBERRY;10250;27;10248;50;;;10268;27;10270;50;;;10259.0;0.0
4;27300;SNACKPACK_RASPBERRY;10245;38;10243;59;;;10263;38;10265;59;;;10254.0;0.0
4;27400;SNACKPACK_RASPBERRY;10242;21;10239;58;;;10259;21;10261;58;;;10250.5;0.0
4;27500;SNACKPACK_RASPBERRY;10250;2;10242;25;10240;59;10259;25;10261;59;;;10254.5;0.0
4;27600;SNACKPACK_RASPBERRY;10239;24;10237;50;;;10256;24;10258;50;;;10247.5;0.0
4;27700;SNACKPACK_RASPBERRY;10237;35;10235;51;;;10255;35;10257;51;;;10246.0;0.0
4;27800;SNACKPACK_RASPBERRY;10235;38;10233;54;;;10253;38;10255;54;;;10244.0;0.0
4;27900;SNACKPACK_RASPBERRY;10229;32;10227;52;;;10246;32;10248;52;;;10237.5;0.0
4;28000;SNACKPACK_RASPBERRY;10215;29;10213;40;;;10233;29;10235;40;;;10224.0;0.0
4;28100;SNACKPACK_RASPBERRY;10211;20;10209;58;;;10229;20;10231;58;;;10220.0;0.0
4;28200;SNACKPACK_RASPBERRY;10214;36;10212;52;;;10231;36;10233;52;;;10222.5;0.0
4;28300;SNACKPACK_RASPBERRY;10203;21;10200;52;;;10220;21;10222;52;;;10211.5;0.0
4;28400;SNACKPACK_RASPBERRY;10207;25;10205;47;;;10224;25;10226;47;;;10215.5;0.0
4;28500;SNACKPACK_RASPBERRY;10223;33;10221;44;;;10240;33;10242;44;;;10231.5;0.0
4;28600;SNACKPACK_RASPBERRY;10208;21;10206;50;;;10225;21;10227;50;;;10216.5;0.0
4;28700;SNACKPACK_RASPBERRY;10194;29;10192;44;;;10212;29;10214;44;;;10203.0;0.0
4;28800;SNACKPACK_RASPBERRY;10190;24;10188;46;;;10207;24;10209;46;;;10198.5;0.0
4;28900;SNACKPACK_RASPBERRY;10185;36;10183;53;;;10202;36;10204;53;;;10193.5;0.0
4;29000;SNACKPACK_RASPBERRY;10195;40;10193;51;;;10212;40;10214;51;;;10203.5;0.0
4;29100;SNACKPACK_RASPBERRY;10205;28;10203;59;;;10223;28;10225;59;;;10214.0;0.0
4;29200;SNACKPACK_RASPBERRY;10226;36;10224;44;;;10243;36;10245;44;;;10234.5;0.0
4;29300;SNACKPACK_RASPBERRY;10223;40;10221;54;;;10241;40;10243;54;;;10232.0;0.0
4;29400;SNACKPACK_RASPBERRY;10223;35;10221;56;;;10240;35;10242;56;;;10231.5;0.0
4;29500;SNACKPACK_RASPBERRY;10234;2;10226;29;10224;41;10243;29;10245;41;;;10238.5;0.0
4;29600;SNACKPACK_RASPBERRY;10227;28;10224;48;;;10244;28;10246;48;;;10235.5;0.0
4;29700;SNACKPACK_RASPBERRY;10233;25;10231;53;;;10250;25;10252;53;;;10241.5;0.0
4;29800;SNACKPACK_RASPBERRY;10239;39;10237;50;;;10256;39;10258;50;;;10247.5;0.0
4;29900;SNACKPACK_RASPBERRY;10250;24;10248;45;;;10267;24;10270;45;;;10258.5;0.0
4;30000;SNACKPACK_RASPBERRY;10234;24;10231;51;;;10251;24;10253;51;;;10242.5;0.0
4;30100;SNACKPACK_RASPBERRY;10232;21;10230;49;;;10250;21;10252;49;;;10241.0;0.0
4;30200;SNACKPACK_RASPBERRY;10239;29;10237;48;;;10256;29;10258;48;;;10247.5;0.0
4;30300;SNACKPACK_RASPBERRY;10253;37;10251;59;;;10271;37;10273;59;;;10262.0;0.0
4;30400;SNACKPACK_RASPBERRY;10253;27;10251;50;;;10270;27;10272;50;;;10261.5;0.0
4;30500;SNACKPACK_RASPBERRY;10256;33;10254;48;;;10274;33;10276;48;;;10265.0;0.0
4;30600;SNACKPACK_RASPBERRY;10255;38;10253;56;;;10273;38;10275;56;;;10264.0;0.0
4;30700;SNACKPACK_RASPBERRY;10263;22;10261;51;;;10281;22;10283;51;;;10272.0;0.0
4;30800;SNACKPACK_RASPBERRY;10265;23;10263;48;;;10283;23;10285;48;;;10274.0;0.0
4;30900;SNACKPACK_RASPBERRY;10269;38;10267;40;;;10286;38;10288;40;;;10277.5;0.0
4;31000;SNACKPACK_RASPBERRY;10283;21;10281;41;;;10301;21;10303;41;;;10292.0;0.0
4;31100;SNACKPACK_RASPBERRY;10271;36;10269;51;;;10288;36;10290;51;;;10279.5;0.0
4;31200;SNACKPACK_RASPBERRY;10276;5;10267;35;10265;60;10285;35;10287;60;;;10280.5;0.0
4;31300;SNACKPACK_RASPBERRY;10265;21;10263;45;;;10283;21;10285;45;;;10274.0;0.0
4;31400;SNACKPACK_RASPBERRY;10260;25;10258;46;;;10268;3;10277;25;10279;46;10264.0;0.0
4;31500;SNACKPACK_RASPBERRY;10260;25;10258;47;;;10278;25;10280;47;;;10269.0;0.0
4;31600;SNACKPACK_RASPBERRY;10255;23;10253;46;;;10272;23;10274;46;;;10263.5;0.0
4;31700;SNACKPACK_RASPBERRY;10259;21;10256;59;;;10276;21;10278;59;;;10267.5;0.0
4;31800;SNACKPACK_RASPBERRY;10266;34;10264;47;;;10283;34;10285;47;;;10274.5;0.0
4;31900;SNACKPACK_RASPBERRY;10257;20;10255;56;;;10274;20;10276;56;;;10265.5;0.0
4;32000;SNACKPACK_RASPBERRY;10268;32;10266;52;;;10286;32;10288;52;;;10277.0;0.0
4;32100;SNACKPACK_RASPBERRY;10266;32;10264;41;;;10283;32;10285;41;;;10274.5;0.0
4;32200;SNACKPACK_RASPBERRY;10251;22;10249;59;;;10269;22;10271;59;;;10260.0;0.0
4;32300;SNACKPACK_RASPBERRY;10255;22;10253;43;;;10272;22;10274;43;;;10263.5;0.0
4;32400;SNACKPACK_RASPBERRY;10253;24;10251;56;;;10271;24;10273;56;;;10262.0;0.0
4;32500;SNACKPACK_RASPBERRY;10260;32;10258;56;;;10277;32;10279;56;;;10268.5;0.0
4;32600;SNACKPACK_RASPBERRY;10261;27;10259;43;;;10279;27;10281;43;;;10270.0;0.0
4;32700;SNACKPACK_RASPBERRY;10269;40;10267;42;;;10286;40;10288;42;;;10277.5;0.0
4;32800;SNACKPACK_RASPBERRY;10259;22;10257;43;;;10277;22;10279;43;;;10268.0;0.0
4;32900;SNACKPACK_RASPBERRY;10252;29;10250;58;;;10260;6;10269;29;10272;58;10256.0;0.0
4;33000;SNACKPACK_RASPBERRY;10256;30;10254;59;;;10274;30;10276;59;;;10265.0;0.0
4;33100;SNACKPACK_RASPBERRY;10257;24;10255;52;;;10275;24;10277;52;;;10266.0;0.0
4;33200;SNACKPACK_RASPBERRY;10252;34;10250;57;;;10269;34;10271;57;;;10260.5;0.0
4;33300;SNACKPACK_RASPBERRY;10268;24;10266;55;;;10286;24;10288;55;;;10277.0;0.0
4;33400;SNACKPACK_RASPBERRY;10269;22;10267;48;;;10286;22;10288;48;;;10277.5;0.0
4;33500;SNACKPACK_RASPBERRY;10251;26;10249;42;;;10269;26;10271;42;;;10260.0;0.0
4;33600;SNACKPACK_RASPBERRY;10250;39;10248;45;;;10268;39;10270;45;;;10259.0;0.0
4;33700;SNACKPACK_RASPBERRY;10247;40;10245;47;;;10265;40;10267;47;;;10256.0;0.0
4;33800;SNACKPACK_RASPBERRY;10243;32;10241;58;;;10260;32;10262;58;;;10251.5;0.0
4;33900;SNACKPACK_RASPBERRY;10239;25;10237;57;;;10256;25;10258;57;;;10247.5;0.0
4;34000;SNACKPACK_RASPBERRY;10235;29;10233;43;;;10252;29;10254;43;;;10243.5;0.0
4;34100;SNACKPACK_RASPBERRY;10244;32;10242;55;;;10262;32;10264;55;;;10253.0;0.0
4;34200;SNACKPACK_RASPBERRY;10231;39;10229;51;;;10248;39;10250;51;;;10239.5;0.0
4;34300;SNACKPACK_RASPBERRY;10221;25;10219;51;;;10239;25;10241;51;;;10230.0;0.0
4;34400;SNACKPACK_RASPBERRY;10227;22;10225;42;;;10245;22;10247;42;;;10236.0;0.0
4;34500;SNACKPACK_RASPBERRY;10237;28;10234;47;;;10254;28;10256;47;;;10245.5;0.0
4;34600;SNACKPACK_RASPBERRY;10248;27;10246;45;;;10265;27;10267;45;;;10256.5;0.0
4;34700;SNACKPACK_RASPBERRY;10242;24;10240;57;;;10259;24;10261;57;;;10250.5;0.0
4;34800;SNACKPACK_RASPBERRY;10241;40;10239;42;;;10258;40;10260;42;;;10249.5;0.0
4;34900;SNACKPACK_RASPBERRY;10241;20;10238;60;;;10258;20;10260;60;;;10249.5;0.0
4;35000;SNACKPACK_RASPBERRY;10239;33;10237;52;;;10257;33;10259;52;;;10248.0;0.0
4;35100;SNACKPACK_RASPBERRY;10247;20;10245;59;;;10264;20;10266;59;;;10255.5;0.0
4;35200;SNACKPACK_RASPBERRY;10263;23;10261;56;;;10271;6;10280;23;10282;56;10267.0;0.0
4;35300;SNACKPACK_RASPBERRY;10265;25;10263;50;;;10282;25;10284;50;;;10273.5;0.0
4;35400;SNACKPACK_RASPBERRY;10263;29;10261;58;;;10280;29;10282;58;;;10271.5;0.0
4;35500;SNACKPACK_RASPBERRY;10266;28;10264;47;;;10283;28;10285;47;;;10274.5;0.0
4;35600;SNACKPACK_RASPBERRY;10271;37;10269;58;;;10289;37;10291;58;;;10280.0;0.0
4;35700;SNACKPACK_RASPBERRY;10268;40;10266;40;;;10285;40;10287;40;;;10276.5;0.0
4;35800;SNACKPACK_RASPBERRY;10281;40;10279;43;;;10298;40;10300;43;;;10289.5;0.0
4;35900;SNACKPACK_RASPBERRY;10287;37;10285;40;;;10304;37;10306;40;;;10295.5;0.0
4;36000;SNACKPACK_RASPBERRY;10268;36;10266;57;;;10286;36;10288;57;;;10277.0;0.0
4;36100;SNACKPACK_RASPBERRY;10259;23;10257;51;;;10276;23;10278;51;;;10267.5;0.0
4;36200;SNACKPACK_RASPBERRY;10252;23;10250;41;;;10270;23;10272;41;;;10261.0;0.0
4;36300;SNACKPACK_RASPBERRY;10248;27;10246;45;;;10265;27;10267;45;;;10256.5;0.0
4;36400;SNACKPACK_RASPBERRY;10253;37;10251;51;;;10270;37;10272;51;;;10261.5;0.0
4;36500;SNACKPACK_RASPBERRY;10258;22;10256;42;;;10275;22;10277;42;;;10266.5;0.0
4;36600;SNACKPACK_RASPBERRY;10259;24;10256;46;;;10276;24;10278;46;;;10267.5;0.0
4;36700;SNACKPACK_RASPBERRY;10256;28;10254;51;;;10274;28;10276;51;;;10265.0;0.0
4;36800;SNACKPACK_RASPBERRY;10247;40;10245;52;;;10265;40;10267;52;;;10256.0;0.0
4;36900;SNACKPACK_RASPBERRY;10241;32;10239;51;;;10259;32;10261;51;;;10250.0;0.0
4;37000;SNACKPACK_RASPBERRY;10232;38;10230;46;;;10250;38;10252;46;;;10241.0;0.0
4;37100;SNACKPACK_RASPBERRY;10236;38;10234;43;;;10253;38;10255;43;;;10244.5;0.0
4;37200;SNACKPACK_RASPBERRY;10239;29;10237;48;;;10257;29;10259;48;;;10248.0;0.0
4;37300;SNACKPACK_RASPBERRY;10235;27;10233;60;;;10252;27;10254;60;;;10243.5;0.0
4;37400;SNACKPACK_RASPBERRY;10236;31;10234;40;;;10253;31;10255;40;;;10244.5;0.0
4;37500;SNACKPACK_RASPBERRY;10244;2;10236;33;10234;46;10253;33;10255;46;;;10248.5;0.0
4;37600;SNACKPACK_RASPBERRY;10244;34;10242;53;;;10262;34;10264;53;;;10253.0;0.0
4;37700;SNACKPACK_RASPBERRY;10242;30;10240;51;;;10259;30;10261;51;;;10250.5;0.0
4;37800;SNACKPACK_RASPBERRY;10224;35;10222;44;;;10241;35;10243;44;;;10232.5;0.0
4;37900;SNACKPACK_RASPBERRY;10236;32;10234;59;;;10254;32;10256;59;;;10245.0;0.0
4;38000;SNACKPACK_RASPBERRY;10242;40;10240;48;;;10259;40;10261;48;;;10250.5;0.0
4;38100;SNACKPACK_RASPBERRY;10244;26;10242;47;;;10261;26;10263;47;;;10252.5;0.0
4;38200;SNACKPACK_RASPBERRY;10242;31;10240;59;;;10259;31;10261;59;;;10250.5;0.0
4;38300;SNACKPACK_RASPBERRY;10248;36;10246;40;;;10266;36;10268;40;;;10257.0;0.0
4;38400;SNACKPACK_RASPBERRY;10256;39;10254;43;;;10273;39;10275;43;;;10264.5;0.0
4;38500;SNACKPACK_RASPBERRY;10239;31;10236;41;;;10256;31;10258;41;;;10247.5;0.0
4;38600;SNACKPACK_RASPBERRY;10227;21;10225;59;;;10235;5;10244;21;10246;59;10231.0;0.0
4;38700;SNACKPACK_RASPBERRY;10221;37;10219;58;;;10238;37;10240;58;;;10229.5;0.0
4;38800;SNACKPACK_RASPBERRY;10211;36;10209;44;;;10228;36;10230;44;;;10219.5;0.0
4;38900;SNACKPACK_RASPBERRY;10206;38;10204;45;;;10224;38;10226;45;;;10215.0;0.0
4;39000;SNACKPACK_RASPBERRY;10208;21;10206;56;;;10225;21;10227;56;;;10216.5;0.0
4;39100;SNACKPACK_RASPBERRY;10201;38;10199;46;;;10218;38;10220;46;;;10209.5;0.0
4;39200;SNACKPACK_RASPBERRY;10198;37;10196;59;;;10215;37;10217;59;;;10206.5;0.0
4;39300;SNACKPACK_RASPBERRY;10186;33;10184;40;;;10203;33;10206;40;;;10194.5;0.0
4;39400;SNACKPACK_RASPBERRY;10196;40;10193;58;;;10213;40;10215;58;;;10204.5;0.0
4;39500;SNACKPACK_RASPBERRY;10213;36;10210;51;;;10230;36;10232;51;;;10221.5;0.0
4;39600;SNACKPACK_RASPBERRY;10213;26;10211;55;;;10230;26;10232;55;;;10221.5;0.0
4;39700;SNACKPACK_RASPBERRY;10216;29;10214;41;;;10224;5;10233;29;10235;41;10220.0;0.0
4;39800;SNACKPACK_RASPBERRY;10206;23;10204;45;;;10224;23;10226;45;;;10215.0;0.0
4;39900;SNACKPACK_RASPBERRY;10182;28;10180;43;;;10199;28;10201;43;;;10190.5;0.0
4;40000;SNACKPACK_RASPBERRY;10167;23;10165;51;;;10184;23;10186;51;;;10175.5;0.0
4;40100;SNACKPACK_RASPBERRY;10168;25;10166;50;;;10186;25;10188;50;;;10177.0;0.0
4;40200;SNACKPACK_RASPBERRY;10169;39;10167;41;;;10187;39;10189;41;;;10178.0;0.0
4;40300;SNACKPACK_RASPBERRY;10163;26;10161;60;;;10181;26;10183;60;;;10172.0;0.0
4;40400;SNACKPACK_RASPBERRY;10165;38;10163;58;;;10182;38;10184;58;;;10173.5;0.0
4;40500;SNACKPACK_RASPBERRY;10178;27;10176;60;;;10195;27;10197;60;;;10186.5;0.0
4;40600;SNACKPACK_RASPBERRY;10184;31;10182;41;;;10202;31;10204;41;;;10193.0;0.0
4;40700;SNACKPACK_RASPBERRY;10191;36;10189;50;;;10209;36;10211;50;;;10200.0;0.0
4;40800;SNACKPACK_RASPBERRY;10187;25;10185;58;;;10204;25;10207;58;;;10195.5;0.0
4;40900;SNACKPACK_RASPBERRY;10194;27;10192;40;;;10212;27;10214;40;;;10203.0;0.0
4;41000;SNACKPACK_RASPBERRY;10186;30;10184;47;;;10204;30;10206;47;;;10195.0;0.0
4;41100;SNACKPACK_RASPBERRY;10195;29;10193;45;;;10212;29;10215;45;;;10203.5;0.0
4;41200;SNACKPACK_RASPBERRY;10208;20;10206;47;;;10225;20;10228;47;;;10216.5;0.0
4;41300;SNACKPACK_RASPBERRY;10214;39;10212;43;;;10231;39;10233;43;;;10222.5;0.0
4;41400;SNACKPACK_RASPBERRY;10211;36;10209;48;;;10229;36;10231;48;;;10220.0;0.0
4;41500;SNACKPACK_RASPBERRY;10214;23;10212;55;;;10232;23;10234;55;;;10223.0;0.0
4;41600;SNACKPACK_RASPBERRY;10203;28;10201;58;;;10220;28;10222;58;;;10211.5;0.0
4;41700;SNACKPACK_RASPBERRY;10199;28;10196;60;;;10216;28;10218;60;;;10207.5;0.0
4;41800;SNACKPACK_RASPBERRY;10191;36;10189;52;;;10209;36;10211;52;;;10200.0;0.0
4;41900;SNACKPACK_RASPBERRY;10190;40;10188;43;;;10207;40;10209;43;;;10198.5;0.0
4;42000;SNACKPACK_RASPBERRY;10196;23;10194;46;;;10213;23;10215;46;;;10204.5;0.0
4;42100;SNACKPACK_RASPBERRY;10208;3;10200;37;10198;41;10217;37;10219;41;;;10212.5;0.0
4;42200;SNACKPACK_RASPBERRY;10197;29;10195;48;;;10215;29;10217;48;;;10206.0;0.0
4;42300;SNACKPACK_RASPBERRY;10192;32;10190;57;;;10209;32;10211;57;;;10200.5;0.0
4;42400;SNACKPACK_RASPBERRY;10191;34;10189;41;;;10208;34;10210;41;;;10199.5;0.0
4;42500;SNACKPACK_RASPBERRY;10192;22;10190;54;;;10209;22;10211;54;;;10200.5;0.0
4;42600;SNACKPACK_RASPBERRY;10194;37;10192;46;;;10211;37;10213;46;;;10202.5;0.0
4;42700;SNACKPACK_RASPBERRY;10196;32;10194;52;;;10213;32;10215;52;;;10204.5;0.0
4;42800;SNACKPACK_RASPBERRY;10205;25;10203;45;;;10223;25;10225;45;;;10214.0;0.0
4;42900;SNACKPACK_RASPBERRY;10231;24;10229;48;;;10249;24;10251;48;;;10240.0;0.0
4;43000;SNACKPACK_RASPBERRY;10226;34;10224;43;;;10243;34;10245;43;;;10234.5;0.0
4;43100;SNACKPACK_RASPBERRY;10211;21;10209;57;;;10228;21;10230;57;;;10219.5;0.0
4;43200;SNACKPACK_RASPBERRY;10221;38;10219;51;;;10239;38;10241;51;;;10230.0;0.0
4;43300;SNACKPACK_RASPBERRY;10214;39;10212;51;;;10231;39;10233;51;;;10222.5;0.0
4;43400;SNACKPACK_RASPBERRY;10217;37;10215;56;;;10235;37;10237;56;;;10226.0;0.0
4;43500;SNACKPACK_RASPBERRY;10213;35;10211;41;;;10230;35;10232;41;;;10221.5;0.0
4;43600;SNACKPACK_RASPBERRY;10207;31;10205;51;;;10225;31;10227;51;;;10216.0;0.0
4;43700;SNACKPACK_RASPBERRY;10198;37;10196;49;;;10216;37;10218;49;;;10207.0;0.0
4;43800;SNACKPACK_RASPBERRY;10204;23;10202;43;;;10221;23;10223;43;;;10212.5;0.0
4;43900;SNACKPACK_RASPBERRY;10207;25;10205;58;;;10224;25;10226;58;;;10215.5;0.0
4;44000;SNACKPACK_RASPBERRY;10199;25;10197;42;;;10216;25;10218;42;;;10207.5;0.0
4;44100;SNACKPACK_RASPBERRY;10201;35;10199;58;;;10219;35;10221;58;;;10210.0;0.0
4;44200;SNACKPACK_RASPBERRY;10201;40;10199;40;;;10219;40;10221;40;;;10210.0;0.0
4;44300;SNACKPACK_RASPBERRY;10205;37;10203;58;;;10223;37;10225;58;;;10214.0;0.0
4;44400;SNACKPACK_RASPBERRY;10211;25;10209;40;;;10228;25;10230;40;;;10219.5;0.0
4;44500;SNACKPACK_RASPBERRY;10218;20;10216;55;;;10236;20;10238;55;;;10227.0;0.0
4;44600;SNACKPACK_RASPBERRY;10225;40;10223;59;;;10233;4;10243;40;10245;59;10229.0;0.0
4;44700;SNACKPACK_RASPBERRY;10217;30;10215;59;;;10234;30;10236;59;;;10225.5;0.0
4;44800;SNACKPACK_RASPBERRY;10210;38;10208;48;;;10227;38;10229;48;;;10218.5;0.0
4;44900;SNACKPACK_RASPBERRY;10196;22;10194;47;;;10214;22;10216;47;;;10205.0;0.0
4;45000;SNACKPACK_RASPBERRY;10189;20;10187;54;;;10206;20;10208;54;;;10197.5;0.0
4;45100;SNACKPACK_RASPBERRY;10196;28;10194;48;;;10214;28;10216;48;;;10205.0;0.0
4;45200;SNACKPACK_RASPBERRY;10204;33;10202;48;;;10222;33;10224;48;;;10213.0;0.0
4;45300;SNACKPACK_RASPBERRY;10213;28;10211;45;;;10230;28;10232;45;;;10221.5;0.0
4;45400;SNACKPACK_RASPBERRY;10214;37;10212;52;;;10232;37;10234;52;;;10223.0;0.0
4;45500;SNACKPACK_RASPBERRY;10203;34;10201;49;;;10220;34;10222;49;;;10211.5;0.0
4;45600;SNACKPACK_RASPBERRY;10201;27;10199;50;;;10218;27;10220;50;;;10209.5;0.0
4;45700;SNACKPACK_RASPBERRY;10205;2;10197;38;10195;52;10214;38;10216;52;;;10209.5;0.0
4;45800;SNACKPACK_RASPBERRY;10196;39;10194;46;;;10204;4;10213;39;10215;46;10200.0;0.0
4;45900;SNACKPACK_RASPBERRY;10195;40;10193;60;;;10212;40;10214;60;;;10203.5;0.0
4;46000;SNACKPACK_RASPBERRY;10192;32;10190;53;;;10209;32;10211;53;;;10200.5;0.0
4;46100;SNACKPACK_RASPBERRY;10188;36;10186;55;;;10205;36;10207;55;;;10196.5;0.0
4;46200;SNACKPACK_RASPBERRY;10176;25;10173;49;;;10193;25;10195;49;;;10184.5;0.0
4;46300;SNACKPACK_RASPBERRY;10164;28;10162;41;;;10181;28;10183;41;;;10172.5;0.0
4;46400;SNACKPACK_RASPBERRY;10158;38;10156;57;;;10176;38;10178;57;;;10167.0;0.0
4;46500;SNACKPACK_RASPBERRY;10157;36;10155;59;;;10175;36;10177;59;;;10166.0;0.0
4;46600;SNACKPACK_RASPBERRY;10159;40;10157;50;;;10176;40;10178;50;;;10167.5;0.0
4;46700;SNACKPACK_RASPBERRY;10154;21;10152;41;;;10171;21;10173;41;;;10162.5;0.0
4;46800;SNACKPACK_RASPBERRY;10146;33;10144;60;;;10163;33;10165;60;;;10154.5;0.0
4;46900;SNACKPACK_RASPBERRY;10142;32;10140;53;;;10160;32;10162;53;;;10151.0;0.0
4;47000;SNACKPACK_RASPBERRY;10129;35;10127;54;;;10146;35;10148;54;;;10137.5;0.0
4;47100;SNACKPACK_RASPBERRY;10120;37;10118;41;;;10137;37;10139;41;;;10128.5;0.0
4;47200;SNACKPACK_RASPBERRY;10108;38;10106;53;;;10126;38;10128;53;;;10117.0;0.0
4;47300;SNACKPACK_RASPBERRY;10111;24;10109;53;;;10128;24;10130;53;;;10119.5;0.0
4;47400;SNACKPACK_RASPBERRY;10112;33;10110;57;;;10129;33;10131;57;;;10120.5;0.0
4;47500;SNACKPACK_RASPBERRY;10103;20;10101;51;;;10120;20;10122;51;;;10111.5;0.0
4;47600;SNACKPACK_RASPBERRY;10097;21;10095;56;;;10115;21;10117;56;;;10106.0;0.0
4;47700;SNACKPACK_RASPBERRY;10115;31;10113;43;;;10132;31;10134;43;;;10123.5;0.0
4;47800;SNACKPACK_RASPBERRY;10112;39;10110;51;;;10129;39;10131;51;;;10120.5;0.0
4;47900;SNACKPACK_RASPBERRY;10100;22;10098;45;;;10118;22;10120;45;;;10109.0;0.0
4;48000;SNACKPACK_RASPBERRY;10080;32;10078;53;;;10097;32;10099;53;;;10088.5;0.0
4;48100;SNACKPACK_RASPBERRY;10082;27;10080;40;;;10099;27;10101;40;;;10090.5;0.0
4;48200;SNACKPACK_RASPBERRY;10084;29;10082;47;;;10101;29;10103;47;;;10092.5;0.0
4;48300;SNACKPACK_RASPBERRY;10085;28;10083;50;;;10102;28;10104;50;;;10093.5;0.0
4;48400;SNACKPACK_RASPBERRY;10084;35;10082;41;;;10101;35;10103;41;;;10092.5;0.0
4;48500;SNACKPACK_RASPBERRY;10079;37;10077;60;;;10096;37;10098;60;;;10087.5;0.0
4;48600;SNACKPACK_RASPBERRY;10070;20;10068;51;;;10087;20;10089;51;;;10078.5;0.0
4;48700;SNACKPACK_RASPBERRY;10061;25;10059;48;;;10078;25;10080;48;;;10069.5;0.0
4;48800;SNACKPACK_RASPBERRY;10051;23;10049;44;;;10068;23;10070;44;;;10059.5;0.0
4;48900;SNACKPACK_RASPBERRY;10049;28;10047;44;;;10066;28;10068;44;;;10057.5;0.0
4;49000;SNACKPACK_RASPBERRY;10057;40;10055;57;;;10075;40;10077;57;;;10066.0;0.0
4;49100;SNACKPACK_RASPBERRY;10058;36;10056;43;;;10075;36;10077;43;;;10066.5;0.0
4;49200;SNACKPACK_RASPBERRY;10055;24;10053;53;;;10072;24;10074;53;;;10063.5;0.0
4;49300;SNACKPACK_RASPBERRY;10066;29;10064;56;;;10083;29;10085;56;;;10074.5;0.0
4;49400;SNACKPACK_RASPBERRY;10068;23;10066;60;;;10086;23;10088;60;;;10077.0;0.0
4;49500;SNACKPACK_RASPBERRY;10060;39;10058;58;;;10077;39;10079;58;;;10068.5;0.0
4;49600;SNACKPACK_RASPBERRY;10060;29;10058;53;;;10077;29;10079;53;;;10068.5;0.0
4;49700;SNACKPACK_RASPBERRY;10072;36;10070;58;;;10090;36;10092;58;;;10081.0;0.0
4;49800;SNACKPACK_RASPBERRY;10069;26;10067;41;;;10086;26;10088;41;;;10077.5;0.0
4;49900;SNACKPACK_RASPBERRY;10063;40;10061;47;;;10080;40;10082;47;;;10071.5;0.0
4;50000;SNACKPACK_RASPBERRY;10054;38;10051;46;;;10071;38;10073;46;;;10062.5;0.0
4;50100;SNACKPACK_RASPBERRY;10045;40;10043;55;;;10063;40;10065;55;;;10054.0;0.0
4;50200;SNACKPACK_RASPBERRY;10049;35;10047;55;;;10066;35;10068;55;;;10057.5;0.0
4;50300;SNACKPACK_RASPBERRY;10051;40;10049;60;;;10068;40;10070;60;;;10059.5;0.0
4;50400;SNACKPACK_RASPBERRY;10057;32;10055;53;;;10074;32;10076;53;;;10065.5;0.0
4;50500;SNACKPACK_RASPBERRY;10066;25;10064;41;;;10083;25;10085;41;;;10074.5;0.0
4;50600;SNACKPACK_RASPBERRY;10057;22;10055;55;;;10074;22;10076;55;;;10065.5;0.0
4;50700;SNACKPACK_RASPBERRY;10059;20;10057;51;;;10076;20;10078;51;;;10067.5;0.0
4;50800;SNACKPACK_RASPBERRY;10042;29;10040;46;;;10060;29;10062;46;;;10051.0;0.0
4;50900;SNACKPACK_RASPBERRY;10049;25;10047;48;;;10066;25;10068;48;;;10057.5;0.0
4;51000;SNACKPACK_RASPBERRY;10047;26;10045;50;;;10064;26;10066;50;;;10055.5;0.0
4;51100;SNACKPACK_RASPBERRY;10036;39;10034;51;;;10053;39;10055;51;;;10044.5;0.0
4;51200;SNACKPACK_RASPBERRY;10032;25;10030;44;;;10049;25;10051;44;;;10040.5;0.0
4;51300;SNACKPACK_RASPBERRY;10022;35;10020;55;;;10039;35;10041;55;;;10030.5;0.0
4;51400;SNACKPACK_RASPBERRY;10021;29;10019;51;;;10038;29;10040;51;;;10029.5;0.0
4;51500;SNACKPACK_RASPBERRY;10025;20;10023;47;;;10043;20;10045;47;;;10034.0;0.0
4;51600;SNACKPACK_RASPBERRY;10022;37;10020;54;;;10039;37;10041;54;;;10030.5;0.0
4;51700;SNACKPACK_RASPBERRY;10026;27;10024;46;;;10043;27;10045;46;;;10034.5;0.0
4;51800;SNACKPACK_RASPBERRY;10022;38;10020;41;;;10039;38;10041;41;;;10030.5;0.0
4;51900;SNACKPACK_RASPBERRY;10025;22;10023;57;;;10042;22;10044;57;;;10033.5;0.0
4;52000;SNACKPACK_RASPBERRY;10025;26;10023;53;;;10042;26;10044;53;;;10033.5;0.0
4;52100;SNACKPACK_RASPBERRY;10017;35;10015;59;;;10034;35;10036;59;;;10025.5;0.0
4;52200;SNACKPACK_RASPBERRY;10025;27;10023;40;;;10042;27;10044;40;;;10033.5;0.0
4;52300;SNACKPACK_RASPBERRY;10023;39;10021;59;;;10040;39;10042;59;;;10031.5;0.0
4;52400;SNACKPACK_RASPBERRY;10038;24;10036;49;;;10055;24;10057;49;;;10046.5;0.0
4;52500;SNACKPACK_RASPBERRY;10047;30;10045;55;;;10064;30;10066;55;;;10055.5;0.0
4;52600;SNACKPACK_RASPBERRY;10030;22;10028;52;;;10047;22;10049;52;;;10038.5;0.0
4;52700;SNACKPACK_RASPBERRY;10037;25;10035;59;;;10054;25;10056;59;;;10045.5;0.0
4;52800;SNACKPACK_RASPBERRY;10043;5;10035;21;10033;51;10052;21;10054;51;;;10047.5;0.0
4;52900;SNACKPACK_RASPBERRY;10049;30;10047;58;;;10066;30;10068;58;;;10057.5;0.0
4;53000;SNACKPACK_RASPBERRY;10054;25;10052;58;;;10072;25;10074;58;;;10063.0;0.0
4;53100;SNACKPACK_RASPBERRY;10053;32;10051;49;;;10070;32;10072;49;;;10061.5;0.0
4;53200;SNACKPACK_RASPBERRY;10048;27;10046;55;;;10065;27;10067;55;;;10056.5;0.0
4;53300;SNACKPACK_RASPBERRY;10058;31;10056;53;;;10075;31;10077;53;;;10066.5;0.0
4;53400;SNACKPACK_RASPBERRY;10048;23;10046;48;;;10065;23;10067;48;;;10056.5;0.0
4;53500;SNACKPACK_RASPBERRY;10068;26;10066;56;;;10085;26;10087;56;;;10076.5;0.0
4;53600;SNACKPACK_RASPBERRY;10091;34;10089;49;;;10108;34;10110;49;;;10099.5;0.0
4;53700;SNACKPACK_RASPBERRY;10084;22;10082;43;;;10101;22;10103;43;;;10092.5;0.0
4;53800;SNACKPACK_RASPBERRY;10087;21;10085;54;;;10104;21;10106;54;;;10095.5;0.0
4;53900;SNACKPACK_RASPBERRY;10073;20;10071;40;;;10090;20;10092;40;;;10081.5;0.0
4;54000;SNACKPACK_RASPBERRY;10080;37;10078;41;;;10097;37;10099;41;;;10088.5;0.0
4;54100;SNACKPACK_RASPBERRY;10077;36;10075;59;;;10094;36;10096;59;;;10085.5;0.0
4;54200;SNACKPACK_RASPBERRY;10083;38;10081;57;;;10100;38;10102;57;;;10091.5;0.0
4;54300;SNACKPACK_RASPBERRY;10066;36;10064;58;;;10083;36;10085;58;;;10074.5;0.0
4;54400;SNACKPACK_RASPBERRY;10056;21;10054;53;;;10073;21;10075;53;;;10064.5;0.0
4;54500;SNACKPACK_RASPBERRY;10059;29;10057;42;;;10076;29;10079;42;;;10067.5;0.0
4;54600;SNACKPACK_RASPBERRY;10043;31;10041;45;;;10060;31;10062;45;;;10051.5;0.0
4;54700;SNACKPACK_RASPBERRY;10047;23;10045;48;;;10064;23;10066;48;;;10055.5;0.0
4;54800;SNACKPACK_RASPBERRY;10034;33;10032;58;;;10051;33;10053;58;;;10042.5;0.0
4;54900;SNACKPACK_RASPBERRY;10021;32;10019;60;;;10038;32;10040;60;;;10029.5;0.0
4;55000;SNACKPACK_RASPBERRY;10020;32;10018;53;;;10037;32;10039;53;;;10028.5;0.0
4;55100;SNACKPACK_RASPBERRY;10027;29;10025;51;;;10044;29;10046;51;;;10035.5;0.0
4;55200;SNACKPACK_RASPBERRY;10006;30;10004;44;;;10023;30;10025;44;;;10014.5;0.0
4;55300;SNACKPACK_RASPBERRY;10018;22;10016;60;;;10035;22;10037;60;;;10026.5;0.0
4;55400;SNACKPACK_RASPBERRY;10015;28;10013;47;;;10032;28;10034;47;;;10023.5;0.0
4;55500;SNACKPACK_RASPBERRY;10013;27;10011;43;;;10030;27;10032;43;;;10021.5;0.0
4;55600;SNACKPACK_RASPBERRY;10020;27;10018;55;;;10037;27;10039;55;;;10028.5;0.0
4;55700;SNACKPACK_RASPBERRY;10026;24;10024;58;;;10043;24;10045;58;;;10034.5;0.0
4;55800;SNACKPACK_RASPBERRY;10037;31;10035;50;;;10045;5;10054;31;10056;50;10041.0;0.0
4;55900;SNACKPACK_RASPBERRY;10055;27;10053;44;;;10072;27;10074;44;;;10063.5;0.0
4;56000;SNACKPACK_RASPBERRY;10041;35;10039;58;;;10059;35;10061;58;;;10050.0;0.0
4;56100;SNACKPACK_RASPBERRY;10041;37;10039;55;;;10058;37;10060;55;;;10049.5;0.0
4;56200;SNACKPACK_RASPBERRY;10030;33;10028;49;;;10047;33;10049;49;;;10038.5;0.0
4;56300;SNACKPACK_RASPBERRY;10027;23;10025;46;;;10045;23;10047;46;;;10036.0;0.0
4;56400;SNACKPACK_RASPBERRY;10035;31;10033;45;;;10052;31;10054;45;;;10043.5;0.0
4;56500;SNACKPACK_RASPBERRY;10035;37;10033;41;;;10052;37;10054;41;;;10043.5;0.0
4;56600;SNACKPACK_RASPBERRY;10024;37;10022;55;;;10041;37;10043;55;;;10032.5;0.0
4;56700;SNACKPACK_RASPBERRY;10024;34;10022;50;;;10041;34;10043;50;;;10032.5;0.0
4;56800;SNACKPACK_RASPBERRY;10030;37;10028;46;;;10047;37;10049;46;;;10038.5;0.0
4;56900;SNACKPACK_RASPBERRY;10023;38;10021;53;;;10040;38;10042;53;;;10031.5;0.0
4;57000;SNACKPACK_RASPBERRY;10014;30;10012;55;;;10031;30;10033;55;;;10022.5;0.0
4;57100;SNACKPACK_RASPBERRY;10015;37;10013;41;;;10032;37;10034;41;;;10023.5;0.0
4;57200;SNACKPACK_RASPBERRY;10014;20;10012;47;;;10031;20;10033;47;;;10022.5;0.0
4;57300;SNACKPACK_RASPBERRY;10026;33;10024;57;;;10043;33;10045;57;;;10034.5;0.0
4;57400;SNACKPACK_RASPBERRY;10027;32;10025;45;;;10044;32;10046;45;;;10035.5;0.0
4;57500;SNACKPACK_RASPBERRY;10026;40;10024;58;;;10043;40;10045;58;;;10034.5;0.0
4;57600;SNACKPACK_RASPBERRY;10035;24;10033;47;;;10052;24;10054;47;;;10043.5;0.0
4;57700;SNACKPACK_RASPBERRY;10051;30;10049;43;;;10068;30;10070;43;;;10059.5;0.0
4;57800;SNACKPACK_RASPBERRY;10042;40;10040;47;;;10059;40;10061;47;;;10050.5;0.0
4;57900;SNACKPACK_RASPBERRY;10049;28;10047;44;;;10067;28;10069;44;;;10058.0;0.0
4;58000;SNACKPACK_RASPBERRY;10038;24;10036;43;;;10055;24;10057;43;;;10046.5;0.0
4;58100;SNACKPACK_RASPBERRY;10041;32;10039;52;;;10058;32;10060;52;;;10049.5;0.0
4;58200;SNACKPACK_RASPBERRY;10046;23;10044;49;;;10063;23;10065;49;;;10054.5;0.0
4;58300;SNACKPACK_RASPBERRY;10043;20;10040;54;;;10060;20;10062;54;;;10051.5;0.0
4;58400;SNACKPACK_RASPBERRY;10044;38;10042;45;;;10061;38;10063;45;;;10052.5;0.0
4;58500;SNACKPACK_RASPBERRY;10035;21;10033;52;;;10052;21;10054;52;;;10043.5;0.0
4;58600;SNACKPACK_RASPBERRY;10030;36;10028;58;;;10047;36;10049;58;;;10038.5;0.0
4;58700;SNACKPACK_RASPBERRY;10032;33;10030;40;;;10049;33;10051;40;;;10040.5;0.0
4;58800;SNACKPACK_RASPBERRY;10041;34;10039;52;;;10058;34;10060;52;;;10049.5;0.0
4;58900;SNACKPACK_RASPBERRY;10037;34;10035;54;;;10054;34;10056;54;;;10045.5;0.0
4;59000;SNACKPACK_RASPBERRY;10038;34;10036;54;;;10055;34;10057;54;;;10046.5;0.0
4;59100;SNACKPACK_RASPBERRY;10049;24;10047;44;;;10066;24;10068;44;;;10057.5;0.0
4;59200;SNACKPACK_RASPBERRY;10030;33;10028;42;;;10047;33;10049;42;;;10038.5;0.0
4;59300;SNACKPACK_RASPBERRY;10019;24;10017;43;;;10036;24;10038;43;;;10027.5;0.0
4;59400;SNACKPACK_RASPBERRY;10032;22;10030;54;;;10049;22;10051;54;;;10040.5;0.0
4;59500;SNACKPACK_RASPBERRY;10022;35;10020;50;;;10039;35;10041;50;;;10030.5;0.0
4;59600;SNACKPACK_RASPBERRY;10023;32;10021;55;;;10040;32;10042;55;;;10031.5;0.0
4;59700;SNACKPACK_RASPBERRY;10020;36;10018;51;;;10037;36;10039;51;;;10028.5;0.0
4;59800;SNACKPACK_RASPBERRY;10039;25;10037;48;;;10047;5;10056;25;10058;48;10043.0;0.0
4;59900;SNACKPACK_RASPBERRY;10050;3;10042;24;10040;50;10059;24;10061;50;;;10054.5;0.0
4;60000;SNACKPACK_RASPBERRY;10026;32;10024;43;;;10043;32;10045;43;;;10034.5;0.0
4;60100;SNACKPACK_RASPBERRY;10033;29;10031;57;;;10050;29;10052;57;;;10041.5;0.0
4;60200;SNACKPACK_RASPBERRY;10027;26;10025;55;;;10044;26;10046;55;;;10035.5;0.0
4;60300;SNACKPACK_RASPBERRY;10023;31;10021;55;;;10040;31;10042;55;;;10031.5;0.0
4;60400;SNACKPACK_RASPBERRY;10026;40;10024;41;;;10043;40;10045;41;;;10034.5;0.0
4;60500;SNACKPACK_RASPBERRY;10018;36;10016;56;;;10035;36;10037;56;;;10026.5;0.0
4;60600;SNACKPACK_RASPBERRY;10019;35;10017;60;;;10036;35;10038;60;;;10027.5;0.0
4;60700;SNACKPACK_RASPBERRY;10012;26;10010;48;;;10029;26;10031;48;;;10020.5;0.0
4;60800;SNACKPACK_RASPBERRY;10011;27;10009;43;;;10028;27;10030;43;;;10019.5;0.0
4;60900;SNACKPACK_RASPBERRY;10015;21;10013;49;;;10032;21;10034;49;;;10023.5;0.0
4;61000;SNACKPACK_RASPBERRY;10029;26;10027;58;;;10046;26;10048;58;;;10037.5;0.0
4;61100;SNACKPACK_RASPBERRY;10032;31;10030;52;;;10049;31;10051;52;;;10040.5;0.0
4;61200;SNACKPACK_RASPBERRY;10009;37;10007;59;;;10026;37;10028;59;;;10017.5;0.0
4;61300;SNACKPACK_RASPBERRY;10015;26;10013;57;;;10032;26;10034;57;;;10023.5;0.0
4;61400;SNACKPACK_RASPBERRY;10013;22;10011;49;;;10030;22;10032;49;;;10021.5;0.0
4;61500;SNACKPACK_RASPBERRY;10013;36;10011;41;;;10030;36;10032;41;;;10021.5;0.0
4;61600;SNACKPACK_RASPBERRY;10006;24;10004;52;;;10023;24;10025;52;;;10014.5;0.0
4;61700;SNACKPACK_RASPBERRY;10005;21;10003;40;;;10022;21;10024;40;;;10013.5;0.0
4;61800;SNACKPACK_RASPBERRY;10007;35;10005;45;;;10024;35;10026;45;;;10015.5;0.0
4;61900;SNACKPACK_RASPBERRY;9998;24;9996;58;;;10015;24;10017;58;;;10006.5;0.0
4;62000;SNACKPACK_RASPBERRY;10007;29;10005;51;;;10024;29;10026;51;;;10015.5;0.0
4;62100;SNACKPACK_RASPBERRY;10026;35;10024;48;;;10043;35;10045;48;;;10034.5;0.0
4;62200;SNACKPACK_RASPBERRY;10039;31;10037;59;;;10056;31;10058;59;;;10047.5;0.0
4;62300;SNACKPACK_RASPBERRY;10037;33;10035;55;;;10054;33;10056;55;;;10045.5;0.0
4;62400;SNACKPACK_RASPBERRY;10046;25;10044;43;;;10063;25;10065;43;;;10054.5;0.0
4;62500;SNACKPACK_RASPBERRY;10050;25;10048;40;;;10067;25;10069;40;;;10058.5;0.0
4;62600;SNACKPACK_RASPBERRY;10042;27;10040;55;;;10059;27;10061;55;;;10050.5;0.0
4;62700;SNACKPACK_RASPBERRY;10047;40;10045;45;;;10065;40;10067;45;;;10056.0;0.0
4;62800;SNACKPACK_RASPBERRY;10055;38;10053;47;;;10072;38;10074;47;;;10063.5;0.0
4;62900;SNACKPACK_RASPBERRY;10055;32;10053;48;;;10072;32;10074;48;;;10063.5;0.0
4;63000;SNACKPACK_RASPBERRY;10061;27;10059;46;;;10078;27;10080;46;;;10069.5;0.0
4;63100;SNACKPACK_RASPBERRY;10066;23;10064;57;;;10083;23;10085;57;;;10074.5;0.0
4;63200;SNACKPACK_RASPBERRY;10050;30;10048;56;;;10067;30;10069;56;;;10058.5;0.0
4;63300;SNACKPACK_RASPBERRY;10064;32;10062;43;;;10081;32;10083;43;;;10072.5;0.0
4;63400;SNACKPACK_RASPBERRY;10060;40;10058;48;;;10077;40;10079;48;;;10068.5;0.0
4;63500;SNACKPACK_RASPBERRY;10045;30;10043;48;;;10062;30;10064;48;;;10053.5;0.0
4;63600;SNACKPACK_RASPBERRY;10056;21;10054;56;;;10074;21;10076;56;;;10065.0;0.0
4;63700;SNACKPACK_RASPBERRY;10056;21;10054;41;;;10074;21;10076;41;;;10065.0;0.0
4;63800;SNACKPACK_RASPBERRY;10062;21;10060;44;;;10079;21;10081;44;;;10070.5;0.0
4;63900;SNACKPACK_RASPBERRY;10065;21;10063;49;;;10082;21;10084;49;;;10073.5;0.0
4;64000;SNACKPACK_RASPBERRY;10070;37;10068;55;;;10087;37;10089;55;;;10078.5;0.0
4;64100;SNACKPACK_RASPBERRY;10058;36;10056;49;;;10075;36;10077;49;;;10066.5;0.0
4;64200;SNACKPACK_RASPBERRY;10060;25;10058;48;;;10077;25;10079;48;;;10068.5;0.0
4;64300;SNACKPACK_RASPBERRY;10063;35;10061;55;;;10081;35;10083;55;;;10072.0;0.0
4;64400;SNACKPACK_RASPBERRY;10058;21;10056;60;;;10075;21;10077;60;;;10066.5;0.0
4;64500;SNACKPACK_RASPBERRY;10070;36;10068;45;;;10088;36;10090;45;;;10079.0;0.0
4;64600;SNACKPACK_RASPBERRY;10073;26;10071;56;;;10090;26;10092;56;;;10081.5;0.0
4;64700;SNACKPACK_RASPBERRY;10094;23;10092;54;;;10111;23;10113;54;;;10102.5;0.0
4;64800;SNACKPACK_RASPBERRY;10110;29;10108;57;;;10127;29;10129;57;;;10118.5;0.0
4;64900;SNACKPACK_RASPBERRY;10106;21;10104;54;;;10123;21;10125;54;;;10114.5;0.0
4;65000;SNACKPACK_RASPBERRY;10118;38;10116;49;;;10135;38;10137;49;;;10126.5;0.0
4;65100;SNACKPACK_RASPBERRY;10097;33;10095;45;;;10114;33;10116;45;;;10105.5;0.0
4;65200;SNACKPACK_RASPBERRY;10107;37;10105;57;;;10124;37;10126;57;;;10115.5;0.0
4;65300;SNACKPACK_RASPBERRY;10098;40;10096;52;;;10116;40;10118;52;;;10107.0;0.0
4;65400;SNACKPACK_RASPBERRY;10093;24;10090;60;;;10110;24;10112;60;;;10101.5;0.0
4;65500;SNACKPACK_RASPBERRY;10103;24;10101;42;;;10120;24;10122;42;;;10111.5;0.0
4;65600;SNACKPACK_RASPBERRY;10106;26;10104;56;;;10123;26;10125;56;;;10114.5;0.0
4;65700;SNACKPACK_RASPBERRY;10112;6;10104;35;10102;49;10121;35;10123;49;;;10116.5;0.0
4;65800;SNACKPACK_RASPBERRY;10100;36;10098;42;;;10117;36;10119;42;;;10108.5;0.0
4;65900;SNACKPACK_RASPBERRY;10110;36;10108;44;;;10128;36;10130;44;;;10119.0;0.0
4;66000;SNACKPACK_RASPBERRY;10109;29;10107;56;;;10126;29;10128;56;;;10117.5;0.0
4;66100;SNACKPACK_RASPBERRY;10108;35;10106;40;;;10126;35;10128;40;;;10117.0;0.0
4;66200;SNACKPACK_RASPBERRY;10103;36;10101;48;;;10121;36;10123;48;;;10112.0;0.0
4;66300;SNACKPACK_RASPBERRY;10107;36;10104;51;;;10115;2;10124;36;10126;51;10111.0;0.0
4;66400;SNACKPACK_RASPBERRY;10121;39;10119;59;;;10138;39;10140;59;;;10129.5;0.0
4;66500;SNACKPACK_RASPBERRY;10120;31;10118;40;;;10137;31;10139;40;;;10128.5;0.0
4;66600;SNACKPACK_RASPBERRY;10131;23;10129;46;;;10148;23;10150;46;;;10139.5;0.0
4;66700;SNACKPACK_RASPBERRY;10123;40;10121;59;;;10140;40;10142;59;;;10131.5;0.0
4;66800;SNACKPACK_RASPBERRY;10125;37;10123;43;;;10143;37;10145;43;;;10134.0;0.0
4;66900;SNACKPACK_RASPBERRY;10143;21;10141;49;;;10160;21;10162;49;;;10151.5;0.0
4;67000;SNACKPACK_RASPBERRY;10149;29;10147;56;;;10166;29;10168;56;;;10157.5;0.0
4;67100;SNACKPACK_RASPBERRY;10155;20;10153;42;;;10172;20;10174;42;;;10163.5;0.0
4;67200;SNACKPACK_RASPBERRY;10154;22;10152;48;;;10171;22;10173;48;;;10162.5;0.0
4;67300;SNACKPACK_RASPBERRY;10149;34;10147;55;;;10166;34;10168;55;;;10157.5;0.0
4;67400;SNACKPACK_RASPBERRY;10164;31;10162;45;;;10181;31;10183;45;;;10172.5;0.0
4;67500;SNACKPACK_RASPBERRY;10169;34;10167;55;;;10177;5;10187;34;10189;55;10173.0;0.0
4;67600;SNACKPACK_RASPBERRY;10178;34;10176;46;;;10195;34;10197;46;;;10186.5;0.0
4;67700;SNACKPACK_RASPBERRY;10181;33;10179;45;;;10198;33;10200;45;;;10189.5;0.0
4;67800;SNACKPACK_RASPBERRY;10183;36;10181;60;;;10201;36;10203;60;;;10192.0;0.0
4;67900;SNACKPACK_RASPBERRY;10179;25;10177;44;;;10196;25;10198;44;;;10187.5;0.0
4;68000;SNACKPACK_RASPBERRY;10184;30;10182;49;;;10201;30;10203;49;;;10192.5;0.0
4;68100;SNACKPACK_RASPBERRY;10190;35;10188;41;;;10208;35;10210;41;;;10199.0;0.0
4;68200;SNACKPACK_RASPBERRY;10190;29;10188;46;;;10208;29;10210;46;;;10199.0;0.0
4;68300;SNACKPACK_RASPBERRY;10194;40;10192;58;;;10212;40;10214;58;;;10203.0;0.0
4;68400;SNACKPACK_RASPBERRY;10201;24;10199;58;;;10218;24;10220;58;;;10209.5;0.0
4;68500;SNACKPACK_RASPBERRY;10200;30;10198;50;;;10218;30;10220;50;;;10209.0;0.0
4;68600;SNACKPACK_RASPBERRY;10203;34;10201;56;;;10220;34;10222;56;;;10211.5;0.0
4;68700;SNACKPACK_RASPBERRY;10195;38;10193;50;;;10213;38;10215;50;;;10204.0;0.0
4;68800;SNACKPACK_RASPBERRY;10194;21;10192;45;;;10212;21;10214;45;;;10203.0;0.0
4;68900;SNACKPACK_RASPBERRY;10202;22;10200;40;;;10219;22;10221;40;;;10210.5;0.0
4;69000;SNACKPACK_RASPBERRY;10200;39;10198;42;;;10218;39;10220;42;;;10209.0;0.0
4;69100;SNACKPACK_RASPBERRY;10191;29;10189;55;;;10208;29;10210;55;;;10199.5;0.0
4;69200;SNACKPACK_RASPBERRY;10178;32;10176;49;;;10195;32;10197;49;;;10186.5;0.0
4;69300;SNACKPACK_RASPBERRY;10171;33;10169;42;;;10188;33;10190;42;;;10179.5;0.0
4;69400;SNACKPACK_RASPBERRY;10162;29;10160;44;;;10179;29;10181;44;;;10170.5;0.0
4;69500;SNACKPACK_RASPBERRY;10161;23;10159;56;;;10179;23;10181;56;;;10170.0;0.0
4;69600;SNACKPACK_RASPBERRY;10156;36;10154;48;;;10164;6;10173;36;10175;48;10160.0;0.0
4;69700;SNACKPACK_RASPBERRY;10149;39;10147;44;;;10167;39;10169;44;;;10158.0;0.0
4;69800;SNACKPACK_RASPBERRY;10148;34;10146;42;;;10165;34;10167;42;;;10156.5;0.0
4;69900;SNACKPACK_RASPBERRY;10167;34;10165;44;;;10184;34;10186;44;;;10175.5;0.0
4;70000;SNACKPACK_RASPBERRY;10163;25;10161;49;;;10180;25;10182;49;;;10171.5;0.0
4;70100;SNACKPACK_RASPBERRY;10153;38;10151;47;;;10170;38;10172;47;;;10161.5;0.0
4;70200;SNACKPACK_RASPBERRY;10146;23;10144;46;;;10163;23;10165;46;;;10154.5;0.0
4;70300;SNACKPACK_RASPBERRY;10150;23;10148;41;;;10168;23;10170;41;;;10159.0;0.0
4;70400;SNACKPACK_RASPBERRY;10143;25;10141;57;;;10160;25;10162;57;;;10151.5;0.0
4;70500;SNACKPACK_RASPBERRY;10142;21;10140;44;;;10159;21;10161;44;;;10150.5;0.0
4;70600;SNACKPACK_RASPBERRY;10140;31;10138;52;;;10157;31;10159;52;;;10148.5;0.0
4;70700;SNACKPACK_RASPBERRY;10149;26;10147;42;;;10166;26;10168;42;;;10157.5;0.0
4;70800;SNACKPACK_RASPBERRY;10139;37;10137;53;;;10156;37;10158;53;;;10147.5;0.0
4;70900;SNACKPACK_RASPBERRY;10140;34;10138;55;;;10157;34;10159;55;;;10148.5;0.0
4;71000;SNACKPACK_RASPBERRY;10136;20;10134;43;;;10154;20;10156;43;;;10145.0;0.0
4;71100;SNACKPACK_RASPBERRY;10143;23;10141;47;;;10161;23;10163;47;;;10152.0;0.0
4;71200;SNACKPACK_RASPBERRY;10144;21;10142;43;;;10161;21;10163;43;;;10152.5;0.0
4;71300;SNACKPACK_RASPBERRY;10145;23;10142;52;;;10162;23;10164;52;;;10153.5;0.0
4;71400;SNACKPACK_RASPBERRY;10143;33;10141;58;;;10160;33;10162;58;;;10151.5;0.0
4;71500;SNACKPACK_RASPBERRY;10130;34;10128;57;;;10147;34;10149;57;;;10138.5;0.0
4;71600;SNACKPACK_RASPBERRY;10137;23;10135;50;;;10154;23;10157;50;;;10145.5;0.0
4;71700;SNACKPACK_RASPBERRY;10135;20;10133;44;;;10144;6;10153;20;10155;44;10139.5;0.0
4;71800;SNACKPACK_RASPBERRY;10129;31;10127;60;;;10146;31;10148;60;;;10137.5;0.0
4;71900;SNACKPACK_RASPBERRY;10125;32;10123;45;;;10142;32;10144;45;;;10133.5;0.0
4;72000;SNACKPACK_RASPBERRY;10126;24;10124;46;;;10143;24;10145;46;;;10134.5;0.0
4;72100;SNACKPACK_RASPBERRY;10129;36;10127;47;;;10146;36;10148;47;;;10137.5;0.0
4;72200;SNACKPACK_RASPBERRY;10125;28;10123;45;;;10142;28;10144;45;;;10133.5;0.0
4;72300;SNACKPACK_RASPBERRY;10137;36;10135;46;;;10154;36;10156;46;;;10145.5;0.0
4;72400;SNACKPACK_RASPBERRY;10135;24;10133;42;;;10152;24;10154;42;;;10143.5;0.0
4;72500;SNACKPACK_RASPBERRY;10148;20;10146;44;;;10166;20;10168;44;;;10157.0;0.0
4;72600;SNACKPACK_RASPBERRY;10153;39;10151;56;;;10161;6;10170;39;10172;56;10157.0;0.0
4;72700;SNACKPACK_RASPBERRY;10156;40;10154;49;;;10173;40;10175;49;;;10164.5;0.0
4;72800;SNACKPACK_RASPBERRY;10151;25;10149;51;;;10169;25;10171;51;;;10160.0;0.0
4;72900;SNACKPACK_RASPBERRY;10159;23;10157;51;;;10176;23;10178;51;;;10167.5;0.0
4;73000;SNACKPACK_RASPBERRY;10163;34;10161;43;;;10180;34;10182;43;;;10171.5;0.0
4;73100;SNACKPACK_RASPBERRY;10162;21;10160;43;;;10180;21;10182;43;;;10171.0;0.0
4;73200;SNACKPACK_RASPBERRY;10173;28;10171;55;;;10190;28;10192;55;;;10181.5;0.0
4;73300;SNACKPACK_RASPBERRY;10161;33;10159;45;;;10179;33;10181;45;;;10170.0;0.0
4;73400;SNACKPACK_RASPBERRY;10155;23;10153;41;;;10173;23;10175;41;;;10164.0;0.0
4;73500;SNACKPACK_RASPBERRY;10159;26;10157;43;;;10176;26;10178;43;;;10167.5;0.0
4;73600;SNACKPACK_RASPBERRY;10154;31;10152;47;;;10171;31;10173;47;;;10162.5;0.0
4;73700;SNACKPACK_RASPBERRY;10144;36;10142;44;;;10161;36;10163;44;;;10152.5;0.0
4;73800;SNACKPACK_RASPBERRY;10140;20;10138;46;;;10157;20;10160;46;;;10148.5;0.0
4;73900;SNACKPACK_RASPBERRY;10149;21;10147;42;;;10166;21;10168;42;;;10157.5;0.0
4;74000;SNACKPACK_RASPBERRY;10161;21;10159;44;;;10178;21;10180;44;;;10169.5;0.0
4;74100;SNACKPACK_RASPBERRY;10152;32;10150;55;;;10169;32;10171;55;;;10160.5;0.0
4;74200;SNACKPACK_RASPBERRY;10154;39;10152;59;;;10171;39;10173;59;;;10162.5;0.0
4;74300;SNACKPACK_RASPBERRY;10156;29;10154;58;;;10174;29;10176;58;;;10165.0;0.0
4;74400;SNACKPACK_RASPBERRY;10154;26;10152;48;;;10171;26;10173;48;;;10162.5;0.0
4;74500;SNACKPACK_RASPBERRY;10141;20;10139;56;;;10158;20;10160;56;;;10149.5;0.0
4;74600;SNACKPACK_RASPBERRY;10139;25;10137;59;;;10156;25;10159;59;;;10147.5;0.0
4;74700;SNACKPACK_RASPBERRY;10147;32;10145;58;;;10165;32;10167;58;;;10156.0;0.0
4;74800;SNACKPACK_RASPBERRY;10150;22;10148;56;;;10167;22;10169;56;;;10158.5;0.0
4;74900;SNACKPACK_RASPBERRY;10160;23;10158;54;;;10177;23;10179;54;;;10168.5;0.0
4;75000;SNACKPACK_RASPBERRY;10157;22;10155;46;;;10175;22;10177;46;;;10166.0;0.0
4;75100;SNACKPACK_RASPBERRY;10177;34;10175;59;;;10194;34;10196;59;;;10185.5;0.0
4;75200;SNACKPACK_RASPBERRY;10179;38;10177;48;;;10196;38;10198;48;;;10187.5;0.0
4;75300;SNACKPACK_RASPBERRY;10175;25;10173;52;;;10193;25;10195;52;;;10184.0;0.0
4;75400;SNACKPACK_RASPBERRY;10176;34;10174;50;;;10193;34;10195;50;;;10184.5;0.0
4;75500;SNACKPACK_RASPBERRY;10162;27;10160;42;;;10179;27;10181;42;;;10170.5;0.0
4;75600;SNACKPACK_RASPBERRY;10150;33;10148;47;;;10167;33;10170;47;;;10158.5;0.0
4;75700;SNACKPACK_RASPBERRY;10158;20;10156;40;;;10176;20;10178;40;;;10167.0;0.0
4;75800;SNACKPACK_RASPBERRY;10162;30;10160;57;;;10180;30;10182;57;;;10171.0;0.0
4;75900;SNACKPACK_RASPBERRY;10158;24;10156;57;;;10175;24;10177;57;;;10166.5;0.0
4;76000;SNACKPACK_RASPBERRY;10161;34;10159;57;;;10169;2;10179;34;10181;57;10165.0;0.0
4;76100;SNACKPACK_RASPBERRY;10161;28;10159;47;;;10178;28;10180;47;;;10169.5;0.0
4;76200;SNACKPACK_RASPBERRY;10163;23;10161;46;;;10180;23;10182;46;;;10171.5;0.0
4;76300;SNACKPACK_RASPBERRY;10151;25;10149;56;;;10168;25;10170;56;;;10159.5;0.0
4;76400;SNACKPACK_RASPBERRY;10139;39;10137;57;;;10157;39;10159;57;;;10148.0;0.0
4;76500;SNACKPACK_RASPBERRY;10129;35;10127;43;;;10146;35;10148;43;;;10137.5;0.0
4;76600;SNACKPACK_RASPBERRY;10131;4;10123;23;10121;58;10140;23;10142;58;;;10135.5;0.0
4;76700;SNACKPACK_RASPBERRY;10117;33;10115;43;;;10134;33;10136;43;;;10125.5;0.0
4;76800;SNACKPACK_RASPBERRY;10105;33;10103;47;;;10122;33;10124;47;;;10113.5;0.0
4;76900;SNACKPACK_RASPBERRY;10093;29;10091;49;;;10110;29;10112;49;;;10101.5;0.0
4;77000;SNACKPACK_RASPBERRY;10107;27;10105;57;;;10124;27;10126;57;;;10115.5;0.0
4;77100;SNACKPACK_RASPBERRY;10112;31;10110;49;;;10130;31;10132;49;;;10121.0;0.0
4;77200;SNACKPACK_RASPBERRY;10124;22;10122;45;;;10141;22;10143;45;;;10132.5;0.0
4;77300;SNACKPACK_RASPBERRY;10135;30;10133;55;;;10152;30;10154;55;;;10143.5;0.0
4;77400;SNACKPACK_RASPBERRY;10128;20;10126;40;;;10145;20;10147;40;;;10136.5;0.0
4;77500;SNACKPACK_RASPBERRY;10123;31;10121;50;;;10141;31;10143;50;;;10132.0;0.0
4;77600;SNACKPACK_RASPBERRY;10123;25;10121;45;;;10131;3;10140;25;10142;45;10127.0;0.0
4;77700;SNACKPACK_RASPBERRY;10121;40;10119;46;;;10138;40;10140;46;;;10129.5;0.0
4;77800;SNACKPACK_RASPBERRY;10136;38;10133;43;;;10153;38;10155;43;;;10144.5;0.0
4;77900;SNACKPACK_RASPBERRY;10138;26;10136;48;;;10156;26;10158;48;;;10147.0;0.0
4;78000;SNACKPACK_RASPBERRY;10128;31;10126;44;;;10145;31;10147;44;;;10136.5;0.0
4;78100;SNACKPACK_RASPBERRY;10137;38;10135;40;;;10155;38;10157;40;;;10146.0;0.0
4;78200;SNACKPACK_RASPBERRY;10128;39;10126;42;;;10145;39;10147;42;;;10136.5;0.0
4;78300;SNACKPACK_RASPBERRY;10129;26;10127;40;;;10147;26;10149;40;;;10138.0;0.0
4;78400;SNACKPACK_RASPBERRY;10140;37;10138;49;;;10157;37;10159;49;;;10148.5;0.0
4;78500;SNACKPACK_RASPBERRY;10142;31;10140;44;;;10159;31;10161;44;;;10150.5;0.0
4;78600;SNACKPACK_RASPBERRY;10152;37;10150;51;;;10169;37;10171;51;;;10160.5;0.0
4;78700;SNACKPACK_RASPBERRY;10157;39;10155;46;;;10174;39;10176;46;;;10165.5;0.0
4;78800;SNACKPACK_RASPBERRY;10154;37;10152;55;;;10171;37;10174;55;;;10162.5;0.0
4;78900;SNACKPACK_RASPBERRY;10150;28;10148;44;;;10167;28;10169;44;;;10158.5;0.0
4;79000;SNACKPACK_RASPBERRY;10148;29;10146;49;;;10165;29;10167;49;;;10156.5;0.0
4;79100;SNACKPACK_RASPBERRY;10152;35;10150;42;;;10169;35;10171;42;;;10160.5;0.0
4;79200;SNACKPACK_RASPBERRY;10147;33;10145;46;;;10164;33;10166;46;;;10155.5;0.0
4;79300;SNACKPACK_RASPBERRY;10157;5;10149;38;10147;49;10166;38;10168;49;;;10161.5;0.0
4;79400;SNACKPACK_RASPBERRY;10147;24;10145;52;;;10164;24;10166;52;;;10155.5;0.0
4;79500;SNACKPACK_RASPBERRY;10163;28;10161;44;;;10180;28;10182;44;;;10171.5;0.0
4;79600;SNACKPACK_RASPBERRY;10162;4;10154;32;10152;40;10171;32;10173;40;;;10166.5;0.0
4;79700;SNACKPACK_RASPBERRY;10142;37;10140;53;;;10159;37;10161;53;;;10150.5;0.0
4;79800;SNACKPACK_RASPBERRY;10138;22;10136;55;;;10156;22;10158;55;;;10147.0;0.0
4;79900;SNACKPACK_RASPBERRY;10138;20;10136;60;;;10155;20;10157;60;;;10146.5;0.0
4;80000;SNACKPACK_RASPBERRY;10144;23;10142;45;;;10161;23;10163;45;;;10152.5;0.0
4;80100;SNACKPACK_RASPBERRY;10146;22;10144;44;;;10163;22;10165;44;;;10154.5;0.0
4;80200;SNACKPACK_RASPBERRY;10144;30;10142;45;;;10161;30;10163;45;;;10152.5;0.0
4;80300;SNACKPACK_RASPBERRY;10142;37;10140;42;;;10159;37;10161;42;;;10150.5;0.0
4;80400;SNACKPACK_RASPBERRY;10141;25;10139;41;;;10158;25;10160;41;;;10149.5;0.0
4;80500;SNACKPACK_RASPBERRY;10141;23;10139;45;;;10158;23;10160;45;;;10149.5;0.0
4;80600;SNACKPACK_RASPBERRY;10137;29;10135;58;;;10154;29;10156;58;;;10145.5;0.0
4;80700;SNACKPACK_RASPBERRY;10145;36;10142;52;;;10162;36;10164;52;;;10153.5;0.0
4;80800;SNACKPACK_RASPBERRY;10142;26;10140;43;;;10160;26;10162;43;;;10151.0;0.0
4;80900;SNACKPACK_RASPBERRY;10142;31;10139;45;;;10159;31;10161;45;;;10150.5;0.0
4;81000;SNACKPACK_RASPBERRY;10133;31;10131;41;;;10150;31;10152;41;;;10141.5;0.0
4;81100;SNACKPACK_RASPBERRY;10131;29;10129;51;;;10149;29;10151;51;;;10140.0;0.0
4;81200;SNACKPACK_RASPBERRY;10139;36;10137;41;;;10156;36;10158;41;;;10147.5;0.0
4;81300;SNACKPACK_RASPBERRY;10128;33;10126;55;;;10145;33;10147;55;;;10136.5;0.0
4;81400;SNACKPACK_RASPBERRY;10122;37;10120;43;;;10139;37;10141;43;;;10130.5;0.0
4;81500;SNACKPACK_RASPBERRY;10108;26;10106;43;;;10125;26;10127;43;;;10116.5;0.0
4;81600;SNACKPACK_RASPBERRY;10101;40;10099;41;;;10118;40;10120;41;;;10109.5;0.0
4;81700;SNACKPACK_RASPBERRY;10108;39;10106;51;;;10125;39;10127;51;;;10116.5;0.0
4;81800;SNACKPACK_RASPBERRY;10106;27;10104;49;;;10124;27;10126;49;;;10115.0;0.0
4;81900;SNACKPACK_RASPBERRY;10092;30;10090;54;;;10110;30;10112;54;;;10101.0;0.0
4;82000;SNACKPACK_RASPBERRY;10096;39;10094;58;;;10113;39;10115;58;;;10104.5;0.0
4;82100;SNACKPACK_RASPBERRY;10099;32;10097;56;;;10116;32;10118;56;;;10107.5;0.0
4;82200;SNACKPACK_RASPBERRY;10097;33;10095;56;;;10114;33;10116;56;;;10105.5;0.0
4;82300;SNACKPACK_RASPBERRY;10100;25;10098;44;;;10117;25;10119;44;;;10108.5;0.0
4;82400;SNACKPACK_RASPBERRY;10104;40;10102;43;;;10121;40;10123;43;;;10112.5;0.0
4;82500;SNACKPACK_RASPBERRY;10116;33;10114;58;;;10134;33;10136;58;;;10125.0;0.0
4;82600;SNACKPACK_RASPBERRY;10122;20;10120;55;;;10140;20;10142;55;;;10131.0;0.0
4;82700;SNACKPACK_RASPBERRY;10120;22;10118;45;;;10138;22;10140;45;;;10129.0;0.0
4;82800;SNACKPACK_RASPBERRY;10121;33;10119;51;;;10138;33;10140;51;;;10129.5;0.0
4;82900;SNACKPACK_RASPBERRY;10133;26;10131;55;;;10150;26;10152;55;;;10141.5;0.0
4;83000;SNACKPACK_RASPBERRY;10137;5;10129;36;10127;41;10146;36;10148;41;;;10141.5;0.0
4;83100;SNACKPACK_RASPBERRY;10116;28;10114;50;;;10133;28;10135;50;;;10124.5;0.0
4;83200;SNACKPACK_RASPBERRY;10118;34;10116;58;;;10135;34;10137;58;;;10126.5;0.0
4;83300;SNACKPACK_RASPBERRY;10133;29;10131;48;;;10151;29;10153;48;;;10142.0;0.0
4;83400;SNACKPACK_RASPBERRY;10127;23;10125;55;;;10144;23;10146;55;;;10135.5;0.0
4;83500;SNACKPACK_RASPBERRY;10123;23;10121;54;;;10140;23;10142;54;;;10131.5;0.0
4;83600;SNACKPACK_RASPBERRY;10127;35;10125;52;;;10144;35;10146;52;;;10135.5;0.0
4;83700;SNACKPACK_RASPBERRY;10139;33;10137;48;;;10157;33;10159;48;;;10148.0;0.0
4;83800;SNACKPACK_RASPBERRY;10139;38;10137;47;;;10156;38;10158;47;;;10147.5;0.0
4;83900;SNACKPACK_RASPBERRY;10144;35;10142;44;;;10162;35;10164;44;;;10153.0;0.0
4;84000;SNACKPACK_RASPBERRY;10144;24;10142;41;;;10161;24;10163;41;;;10152.5;0.0
4;84100;SNACKPACK_RASPBERRY;10138;28;10136;59;;;10155;28;10157;59;;;10146.5;0.0
4;84200;SNACKPACK_RASPBERRY;10140;21;10138;40;;;10157;21;10159;40;;;10148.5;0.0
4;84300;SNACKPACK_RASPBERRY;10159;35;10157;53;;;10176;35;10178;53;;;10167.5;0.0
4;84400;SNACKPACK_RASPBERRY;10149;21;10147;57;;;10166;21;10168;57;;;10157.5;0.0
4;84500;SNACKPACK_RASPBERRY;10151;20;10149;50;;;10168;20;10170;50;;;10159.5;0.0
4;84600;SNACKPACK_RASPBERRY;10159;40;10157;40;;;10177;40;10179;40;;;10168.0;0.0
4;84700;SNACKPACK_RASPBERRY;10166;20;10164;48;;;10183;20;10185;48;;;10174.5;0.0
4;84800;SNACKPACK_RASPBERRY;10160;34;10158;46;;;10178;34;10180;46;;;10169.0;0.0
4;84900;SNACKPACK_RASPBERRY;10162;39;10160;53;;;10179;39;10181;53;;;10170.5;0.0
4;85000;SNACKPACK_RASPBERRY;10156;36;10154;58;;;10174;36;10176;58;;;10165.0;0.0
4;85100;SNACKPACK_RASPBERRY;10157;29;10155;51;;;10174;29;10176;51;;;10165.5;0.0
4;85200;SNACKPACK_RASPBERRY;10155;37;10152;59;;;10172;37;10174;59;;;10163.5;0.0
4;85300;SNACKPACK_RASPBERRY;10152;39;10150;45;;;10169;39;10171;45;;;10160.5;0.0
4;85400;SNACKPACK_RASPBERRY;10163;28;10161;45;;;10181;28;10183;45;;;10172.0;0.0
4;85500;SNACKPACK_RASPBERRY;10166;24;10164;57;;;10184;24;10186;57;;;10175.0;0.0
4;85600;SNACKPACK_RASPBERRY;10175;22;10173;57;;;10192;22;10194;57;;;10183.5;0.0
4;85700;SNACKPACK_RASPBERRY;10164;20;10162;60;;;10181;20;10183;60;;;10172.5;0.0
4;85800;SNACKPACK_RASPBERRY;10167;24;10165;41;;;10184;24;10186;41;;;10175.5;0.0
4;85900;SNACKPACK_RASPBERRY;10167;30;10165;50;;;10184;30;10186;50;;;10175.5;0.0
4;86000;SNACKPACK_RASPBERRY;10177;22;10175;58;;;10195;22;10197;58;;;10186.0;0.0
4;86100;SNACKPACK_RASPBERRY;10165;28;10163;58;;;10182;28;10184;58;;;10173.5;0.0
4;86200;SNACKPACK_RASPBERRY;10163;25;10161;42;;;10180;25;10182;42;;;10171.5;0.0
4;86300;SNACKPACK_RASPBERRY;10155;34;10153;42;;;10172;34;10174;42;;;10163.5;0.0
4;86400;SNACKPACK_RASPBERRY;10152;31;10150;55;;;10169;31;10171;55;;;10160.5;0.0
4;86500;SNACKPACK_RASPBERRY;10152;25;10149;43;;;10169;25;10171;43;;;10160.5;0.0
4;86600;SNACKPACK_RASPBERRY;10161;30;10159;60;;;10178;30;10180;60;;;10169.5;0.0
4;86700;SNACKPACK_RASPBERRY;10158;27;10156;54;;;10175;27;10177;54;;;10166.5;0.0
4;86800;SNACKPACK_RASPBERRY;10155;23;10153;49;;;10173;23;10175;49;;;10164.0;0.0
4;86900;SNACKPACK_RASPBERRY;10162;26;10160;50;;;10179;26;10181;50;;;10170.5;0.0
4;87000;SNACKPACK_RASPBERRY;10162;39;10160;48;;;10180;39;10182;48;;;10171.0;0.0
4;87100;SNACKPACK_RASPBERRY;10164;33;10162;40;;;10182;33;10184;40;;;10173.0;0.0
4;87200;SNACKPACK_RASPBERRY;10159;29;10156;53;;;10176;29;10178;53;;;10167.5;0.0
4;87300;SNACKPACK_RASPBERRY;10167;36;10165;54;;;10184;36;10186;54;;;10175.5;0.0
4;87400;SNACKPACK_RASPBERRY;10149;20;10147;49;;;10166;20;10168;49;;;10157.5;0.0
4;87500;SNACKPACK_RASPBERRY;10164;27;10162;53;;;10181;27;10183;53;;;10172.5;0.0
4;87600;SNACKPACK_RASPBERRY;10161;21;10159;56;;;10178;21;10181;56;;;10169.5;0.0
4;87700;SNACKPACK_RASPBERRY;10153;37;10151;55;;;10170;37;10172;55;;;10161.5;0.0
4;87800;SNACKPACK_RASPBERRY;10140;36;10138;45;;;10157;36;10159;45;;;10148.5;0.0
4;87900;SNACKPACK_RASPBERRY;10130;23;10128;58;;;10147;23;10149;58;;;10138.5;0.0
4;88000;SNACKPACK_RASPBERRY;10133;23;10131;43;;;10151;23;10153;43;;;10142.0;0.0
4;88100;SNACKPACK_RASPBERRY;10132;28;10130;58;;;10149;28;10151;58;;;10140.5;0.0
4;88200;SNACKPACK_RASPBERRY;10125;21;10123;45;;;10143;21;10145;45;;;10134.0;0.0
4;88300;SNACKPACK_RASPBERRY;10112;22;10110;41;;;10129;22;10131;41;;;10120.5;0.0
4;88400;SNACKPACK_RASPBERRY;10109;28;10107;43;;;10127;28;10129;43;;;10118.0;0.0
4;88500;SNACKPACK_RASPBERRY;10112;27;10110;44;;;10129;27;10131;44;;;10120.5;0.0
4;88600;SNACKPACK_RASPBERRY;10132;4;10124;20;10122;44;10141;20;10143;44;;;10136.5;0.0
4;88700;SNACKPACK_RASPBERRY;10124;23;10121;57;;;10141;23;10143;57;;;10132.5;0.0
4;88800;SNACKPACK_RASPBERRY;10124;24;10122;47;;;10142;24;10144;47;;;10133.0;0.0
4;88900;SNACKPACK_RASPBERRY;10113;30;10111;57;;;10131;30;10133;57;;;10122.0;0.0
4;89000;SNACKPACK_RASPBERRY;10126;25;10124;50;;;10143;25;10145;50;;;10134.5;0.0
4;89100;SNACKPACK_RASPBERRY;10128;37;10126;47;;;10145;37;10147;47;;;10136.5;0.0
4;89200;SNACKPACK_RASPBERRY;10120;30;10117;59;;;10137;30;10139;59;;;10128.5;0.0
4;89300;SNACKPACK_RASPBERRY;10117;27;10115;44;;;10134;27;10136;44;;;10125.5;0.0
4;89400;SNACKPACK_RASPBERRY;10116;39;10114;54;;;10133;39;10135;54;;;10124.5;0.0
4;89500;SNACKPACK_RASPBERRY;10111;22;10109;49;;;10128;22;10130;49;;;10119.5;0.0
4;89600;SNACKPACK_RASPBERRY;10119;39;10117;48;;;10136;39;10138;48;;;10127.5;0.0
4;89700;SNACKPACK_RASPBERRY;10115;21;10113;42;;;10132;21;10134;42;;;10123.5;0.0
4;89800;SNACKPACK_RASPBERRY;10114;38;10112;43;;;10131;38;10133;43;;;10122.5;0.0
4;89900;SNACKPACK_RASPBERRY;10106;35;10104;45;;;10124;35;10126;45;;;10115.0;0.0
4;90000;SNACKPACK_RASPBERRY;10111;27;10109;56;;;10128;27;10130;56;;;10119.5;0.0
4;90100;SNACKPACK_RASPBERRY;10108;27;10106;60;;;10125;27;10127;60;;;10116.5;0.0
4;90200;SNACKPACK_RASPBERRY;10113;33;10111;59;;;10130;33;10132;59;;;10121.5;0.0
4;90300;SNACKPACK_RASPBERRY;10119;40;10117;48;;;10136;40;10138;48;;;10127.5;0.0
4;90400;SNACKPACK_RASPBERRY;10100;37;10098;60;;;10117;37;10119;60;;;10108.5;0.0
4;90500;SNACKPACK_RASPBERRY;10091;35;10089;47;;;10108;35;10110;47;;;10099.5;0.0
4;90600;SNACKPACK_RASPBERRY;10089;33;10087;54;;;10106;33;10108;54;;;10097.5;0.0
4;90700;SNACKPACK_RASPBERRY;10090;28;10088;57;;;10107;28;10109;57;;;10098.5;0.0
4;90800;SNACKPACK_RASPBERRY;10091;24;10089;54;;;10108;24;10110;54;;;10099.5;0.0
4;90900;SNACKPACK_RASPBERRY;10072;37;10070;40;;;10089;37;10091;40;;;10080.5;0.0
4;91000;SNACKPACK_RASPBERRY;10082;32;10080;60;;;10099;32;10102;60;;;10090.5;0.0
4;91100;SNACKPACK_RASPBERRY;10076;31;10074;51;;;10093;31;10095;51;;;10084.5;0.0
4;91200;SNACKPACK_RASPBERRY;10061;26;10059;50;;;10078;26;10080;50;;;10069.5;0.0
4;91300;SNACKPACK_RASPBERRY;10056;36;10054;43;;;10073;36;10075;43;;;10064.5;0.0
4;91400;SNACKPACK_RASPBERRY;10053;37;10051;43;;;10070;37;10072;43;;;10061.5;0.0
4;91500;SNACKPACK_RASPBERRY;10050;27;10048;53;;;10067;27;10069;53;;;10058.5;0.0
4;91600;SNACKPACK_RASPBERRY;10054;33;10052;42;;;10071;33;10073;42;;;10062.5;0.0
4;91700;SNACKPACK_RASPBERRY;10057;35;10055;49;;;10074;35;10076;49;;;10065.5;0.0
4;91800;SNACKPACK_RASPBERRY;10067;38;10065;54;;;10085;38;10087;54;;;10076.0;0.0
4;91900;SNACKPACK_RASPBERRY;10078;33;10076;49;;;10095;33;10097;49;;;10086.5;0.0
4;92000;SNACKPACK_RASPBERRY;10062;21;10060;40;;;10079;21;10081;40;;;10070.5;0.0
4;92100;SNACKPACK_RASPBERRY;10069;30;10067;41;;;10087;30;10089;41;;;10078.0;0.0
4;92200;SNACKPACK_RASPBERRY;10077;38;10075;58;;;10094;38;10096;58;;;10085.5;0.0
4;92300;SNACKPACK_RASPBERRY;10066;37;10064;51;;;10083;37;10085;51;;;10074.5;0.0
4;92400;SNACKPACK_RASPBERRY;10059;39;10057;56;;;10076;39;10078;56;;;10067.5;0.0
4;92500;SNACKPACK_RASPBERRY;10062;34;10060;41;;;10079;34;10081;41;;;10070.5;0.0
4;92600;SNACKPACK_RASPBERRY;10071;30;10069;58;;;10089;30;10091;58;;;10080.0;0.0
4;92700;SNACKPACK_RASPBERRY;10073;26;10071;45;;;10090;26;10092;45;;;10081.5;0.0
4;92800;SNACKPACK_RASPBERRY;10068;30;10066;50;;;10086;30;10088;50;;;10077.0;0.0
4;92900;SNACKPACK_RASPBERRY;10063;34;10061;43;;;10080;34;10082;43;;;10071.5;0.0
4;93000;SNACKPACK_RASPBERRY;10054;34;10052;51;;;10071;34;10073;51;;;10062.5;0.0
4;93100;SNACKPACK_RASPBERRY;10044;38;10042;56;;;10061;38;10063;56;;;10052.5;0.0
4;93200;SNACKPACK_RASPBERRY;10046;20;10044;55;;;10063;20;10065;55;;;10054.5;0.0
4;93300;SNACKPACK_RASPBERRY;10049;27;10047;48;;;10066;27;10068;48;;;10057.5;0.0
4;93400;SNACKPACK_RASPBERRY;10047;28;10045;56;;;10064;28;10066;56;;;10055.5;0.0
4;93500;SNACKPACK_RASPBERRY;10043;20;10041;41;;;10060;20;10062;41;;;10051.5;0.0
4;93600;SNACKPACK_RASPBERRY;10048;38;10046;47;;;10065;38;10067;47;;;10056.5;0.0
4;93700;SNACKPACK_RASPBERRY;10052;37;10050;59;;;10069;37;10071;59;;;10060.5;0.0
4;93800;SNACKPACK_RASPBERRY;10059;27;10057;52;;;10076;27;10078;52;;;10067.5;0.0
4;93900;SNACKPACK_RASPBERRY;10067;33;10065;60;;;10084;33;10086;60;;;10075.5;0.0
4;94000;SNACKPACK_RASPBERRY;10074;21;10072;56;;;10091;21;10093;56;;;10082.5;0.0
4;94100;SNACKPACK_RASPBERRY;10066;29;10064;52;;;10083;29;10085;52;;;10074.5;0.0
4;94200;SNACKPACK_RASPBERRY;10064;21;10062;42;;;10081;21;10083;42;;;10072.5;0.0
4;94300;SNACKPACK_RASPBERRY;10060;37;10058;57;;;10077;37;10079;57;;;10068.5;0.0
4;94400;SNACKPACK_RASPBERRY;10064;25;10062;60;;;10081;25;10083;60;;;10072.5;0.0
4;94500;SNACKPACK_RASPBERRY;10061;31;10059;48;;;10078;31;10080;48;;;10069.5;0.0
4;94600;SNACKPACK_RASPBERRY;10059;20;10057;41;;;10076;20;10078;41;;;10067.5;0.0
4;94700;SNACKPACK_RASPBERRY;10062;32;10060;41;;;10079;32;10081;41;;;10070.5;0.0
4;94800;SNACKPACK_RASPBERRY;10059;29;10057;41;;;10076;29;10078;41;;;10067.5;0.0
4;94900;SNACKPACK_RASPBERRY;10057;21;10055;55;;;10075;21;10077;55;;;10066.0;0.0
4;95000;SNACKPACK_RASPBERRY;10072;23;10070;60;;;10089;23;10091;60;;;10080.5;0.0
4;95100;SNACKPACK_RASPBERRY;10073;30;10071;54;;;10091;30;10093;54;;;10082.0;0.0
4;95200;SNACKPACK_RASPBERRY;10083;40;10081;40;;;10100;40;10102;40;;;10091.5;0.0
4;95300;SNACKPACK_RASPBERRY;10089;35;10087;40;;;10106;35;10109;40;;;10097.5;0.0
4;95400;SNACKPACK_RASPBERRY;10090;35;10088;57;;;10107;35;10109;57;;;10098.5;0.0
4;95500;SNACKPACK_RASPBERRY;10091;21;10089;48;;;10108;21;10110;48;;;10099.5;0.0
4;95600;SNACKPACK_RASPBERRY;10089;31;10087;59;;;10106;31;10108;59;;;10097.5;0.0
4;95700;SNACKPACK_RASPBERRY;10101;37;10099;56;;;10118;37;10120;56;;;10109.5;0.0
4;95800;SNACKPACK_RASPBERRY;10099;29;10097;47;;;10116;29;10118;47;;;10107.5;0.0
4;95900;SNACKPACK_RASPBERRY;10103;21;10101;56;;;10120;21;10122;56;;;10111.5;0.0
4;96000;SNACKPACK_RASPBERRY;10106;31;10104;50;;;10123;31;10125;50;;;10114.5;0.0
4;96100;SNACKPACK_RASPBERRY;10109;34;10107;60;;;10127;34;10129;60;;;10118.0;0.0
4;96200;SNACKPACK_RASPBERRY;10101;32;10099;44;;;10118;32;10120;44;;;10109.5;0.0
4;96300;SNACKPACK_RASPBERRY;10099;40;10097;55;;;10116;40;10118;55;;;10107.5;0.0
4;96400;SNACKPACK_RASPBERRY;10105;32;10103;55;;;10122;32;10124;55;;;10113.5;0.0
4;96500;SNACKPACK_RASPBERRY;10107;29;10105;44;;;10124;29;10126;44;;;10115.5;0.0
4;96600;SNACKPACK_RASPBERRY;10107;25;10105;51;;;10124;25;10126;51;;;10115.5;0.0
4;96700;SNACKPACK_RASPBERRY;10121;31;10119;60;;;10138;31;10140;60;;;10129.5;0.0
4;96800;SNACKPACK_RASPBERRY;10123;21;10121;42;;;10140;21;10142;42;;;10131.5;0.0
4;96900;SNACKPACK_RASPBERRY;10118;22;10116;49;;;10135;22;10137;49;;;10126.5;0.0
4;97000;SNACKPACK_RASPBERRY;10121;37;10119;48;;;10138;37;10140;48;;;10129.5;0.0
4;97100;SNACKPACK_RASPBERRY;10128;39;10126;53;;;10145;39;10147;53;;;10136.5;0.0
4;97200;SNACKPACK_RASPBERRY;10131;32;10129;57;;;10148;32;10150;57;;;10139.5;0.0
4;97300;SNACKPACK_RASPBERRY;10120;24;10118;44;;;10138;24;10140;44;;;10129.0;0.0
4;97400;SNACKPACK_RASPBERRY;10129;20;10127;48;;;10146;20;10148;48;;;10137.5;0.0
4;97500;SNACKPACK_RASPBERRY;10131;40;10129;41;;;10148;40;10150;41;;;10139.5;0.0
4;97600;SNACKPACK_RASPBERRY;10134;29;10132;50;;;10152;29;10154;50;;;10143.0;0.0
4;97700;SNACKPACK_RASPBERRY;10143;37;10141;58;;;10161;37;10163;58;;;10152.0;0.0
4;97800;SNACKPACK_RASPBERRY;10137;26;10135;53;;;10154;26;10156;53;;;10145.5;0.0
4;97900;SNACKPACK_RASPBERRY;10136;34;10134;45;;;10153;34;10155;45;;;10144.5;0.0
4;98000;SNACKPACK_RASPBERRY;10146;30;10144;45;;;10163;30;10165;45;;;10154.5;0.0
4;98100;SNACKPACK_RASPBERRY;10147;36;10145;57;;;10165;36;10167;57;;;10156.0;0.0
4;98200;SNACKPACK_RASPBERRY;10149;27;10146;50;;;10166;27;10168;50;;;10157.5;0.0
4;98300;SNACKPACK_RASPBERRY;10144;34;10142;58;;;10161;34;10163;58;;;10152.5;0.0
4;98400;SNACKPACK_RASPBERRY;10153;38;10151;54;;;10171;38;10173;54;;;10162.0;0.0
4;98500;SNACKPACK_RASPBERRY;10145;21;10143;55;;;10162;21;10164;55;;;10153.5;0.0
4;98600;SNACKPACK_RASPBERRY;10146;23;10144;54;;;10163;23;10165;54;;;10154.5;0.0
4;98700;SNACKPACK_RASPBERRY;10135;39;10133;54;;;10152;39;10154;54;;;10143.5;0.0
4;98800;SNACKPACK_RASPBERRY;10137;21;10135;49;;;10154;21;10156;49;;;10145.5;0.0
4;98900;SNACKPACK_RASPBERRY;10154;40;10152;48;;;10171;40;10173;48;;;10162.5;0.0
4;99000;SNACKPACK_RASPBERRY;10154;36;10152;49;;;10171;36;10173;49;;;10162.5;0.0
4;99100;SNACKPACK_RASPBERRY;10147;36;10145;55;;;10165;36;10167;55;;;10156.0;0.0
4;99200;SNACKPACK_RASPBERRY;10147;26;10145;41;;;10155;5;10164;26;10166;41;10151.0;0.0
4;99300;SNACKPACK_RASPBERRY;10141;39;10139;47;;;10158;39;10160;47;;;10149.5;0.0
4;99400;SNACKPACK_RASPBERRY;10125;37;10122;49;;;10142;37;10144;49;;;10133.5;0.0
4;99500;SNACKPACK_RASPBERRY;10119;35;10117;43;;;10136;35;10138;43;;;10127.5;0.0
4;99600;SNACKPACK_RASPBERRY;10116;36;10114;56;;;10133;36;10135;56;;;10124.5;0.0
4;99700;SNACKPACK_RASPBERRY;10118;25;10116;58;;;10135;25;10137;58;;;10126.5;0.0
4;99800;SNACKPACK_RASPBERRY;10111;24;10109;42;;;10128;24;10130;42;;;10119.5;0.0
4;99900;SNACKPACK_RASPBERRY;10113;20;10111;43;;;10130;20;10132;43;;;10121.5;0.0
4;100000;SNACKPACK_RASPBERRY;10113;36;10111;56;;;10130;36;10132;56;;;10121.5;0.0
4;100100;SNACKPACK_RASPBERRY;10097;37;10095;40;;;10114;37;10116;40;;;10105.5;0.0
4;100200;SNACKPACK_RASPBERRY;10106;38;10104;41;;;10123;38;10125;41;;;10114.5;0.0
4;100300;SNACKPACK_RASPBERRY;10099;32;10097;41;;;10117;32;10119;41;;;10108.0;0.0
4;100400;SNACKPACK_RASPBERRY;10107;35;10105;46;;;10124;35;10126;46;;;10115.5;0.0
4;100500;SNACKPACK_RASPBERRY;10112;22;10110;46;;;10130;22;10132;46;;;10121.0;0.0
4;100600;SNACKPACK_RASPBERRY;10117;22;10114;41;;;10134;22;10136;41;;;10125.5;0.0
4;100700;SNACKPACK_RASPBERRY;10108;37;10106;59;;;10125;37;10127;59;;;10116.5;0.0
4;100800;SNACKPACK_RASPBERRY;10117;24;10115;45;;;10134;24;10136;45;;;10125.5;0.0
4;100900;SNACKPACK_RASPBERRY;10116;22;10114;56;;;10133;22;10135;56;;;10124.5;0.0
4;101000;SNACKPACK_RASPBERRY;10117;39;10115;48;;;10134;39;10136;48;;;10125.5;0.0
4;101100;SNACKPACK_RASPBERRY;10105;25;10103;49;;;10122;25;10124;49;;;10113.5;0.0
4;101200;SNACKPACK_RASPBERRY;10098;30;10096;58;;;10115;30;10117;58;;;10106.5;0.0
4;101300;SNACKPACK_RASPBERRY;10097;22;10095;49;;;10114;22;10116;49;;;10105.5;0.0
4;101400;SNACKPACK_RASPBERRY;10099;30;10097;47;;;10116;30;10118;47;;;10107.5;0.0
4;101500;SNACKPACK_RASPBERRY;10090;38;10088;56;;;10108;38;10110;56;;;10099.0;0.0
4;101600;SNACKPACK_RASPBERRY;10088;23;10086;41;;;10105;23;10107;41;;;10096.5;0.0
4;101700;SNACKPACK_RASPBERRY;10081;21;10079;42;;;10098;21;10100;42;;;10089.5;0.0
4;101800;SNACKPACK_RASPBERRY;10076;29;10074;58;;;10093;29;10095;58;;;10084.5;0.0
4;101900;SNACKPACK_RASPBERRY;10068;30;10066;56;;;10085;30;10087;56;;;10076.5;0.0
4;102000;SNACKPACK_RASPBERRY;10069;21;10067;43;;;10086;21;10088;43;;;10077.5;0.0
4;102100;SNACKPACK_RASPBERRY;10056;30;10054;57;;;10073;30;10075;57;;;10064.5;0.0
4;102200;SNACKPACK_RASPBERRY;10070;37;10068;47;;;10087;37;10089;47;;;10078.5;0.0
4;102300;SNACKPACK_RASPBERRY;10077;6;10069;22;10067;47;10086;22;10088;47;;;10081.5;0.0
4;102400;SNACKPACK_RASPBERRY;10086;21;10084;58;;;10103;21;10105;58;;;10094.5;0.0
4;102500;SNACKPACK_RASPBERRY;10088;36;10086;41;;;10105;36;10107;41;;;10096.5;0.0
4;102600;SNACKPACK_RASPBERRY;10096;25;10094;40;;;10114;25;10116;40;;;10105.0;0.0
4;102700;SNACKPACK_RASPBERRY;10094;27;10092;60;;;10111;27;10113;60;;;10102.5;0.0
4;102800;SNACKPACK_RASPBERRY;10112;20;10110;50;;;10129;20;10131;50;;;10120.5;0.0
4;102900;SNACKPACK_RASPBERRY;10106;25;10104;44;;;10123;25;10125;44;;;10114.5;0.0
4;103000;SNACKPACK_RASPBERRY;10110;37;10108;42;;;10127;37;10129;42;;;10118.5;0.0
4;103100;SNACKPACK_RASPBERRY;10107;24;10105;46;;;10124;24;10126;46;;;10115.5;0.0
4;103200;SNACKPACK_RASPBERRY;10095;31;10093;54;;;10113;31;10115;54;;;10104.0;0.0
4;103300;SNACKPACK_RASPBERRY;10085;22;10083;53;;;10103;22;10105;53;;;10094.0;0.0
4;103400;SNACKPACK_RASPBERRY;10091;34;10089;55;;;10108;34;10110;55;;;10099.5;0.0
4;103500;SNACKPACK_RASPBERRY;10090;29;10088;59;;;10107;29;10109;59;;;10098.5;0.0
4;103600;SNACKPACK_RASPBERRY;10072;21;10070;53;;;10090;21;10092;53;;;10081.0;0.0
4;103700;SNACKPACK_RASPBERRY;10062;39;10060;40;;;10079;39;10081;40;;;10070.5;0.0
4;103800;SNACKPACK_RASPBERRY;10059;22;10057;60;;;10076;22;10078;60;;;10067.5;0.0
4;103900;SNACKPACK_RASPBERRY;10061;20;10059;48;;;10078;20;10080;48;;;10069.5;0.0
4;104000;SNACKPACK_RASPBERRY;10058;33;10056;58;;;10075;33;10077;58;;;10066.5;0.0
4;104100;SNACKPACK_RASPBERRY;10061;34;10059;57;;;10079;34;10081;57;;;10070.0;0.0
4;104200;SNACKPACK_RASPBERRY;10082;32;10080;41;;;10099;32;10101;41;;;10090.5;0.0
4;104300;SNACKPACK_RASPBERRY;10082;37;10080;49;;;10099;37;10101;49;;;10090.5;0.0
4;104400;SNACKPACK_RASPBERRY;10079;36;10077;54;;;10096;36;10098;54;;;10087.5;0.0
4;104500;SNACKPACK_RASPBERRY;10075;38;10073;59;;;10092;38;10094;59;;;10083.5;0.0
4;104600;SNACKPACK_RASPBERRY;10074;33;10072;45;;;10091;33;10093;45;;;10082.5;0.0
4;104700;SNACKPACK_RASPBERRY;10075;26;10073;59;;;10092;26;10094;59;;;10083.5;0.0
4;104800;SNACKPACK_RASPBERRY;10098;2;10090;23;10088;44;10107;23;10109;44;;;10102.5;0.0
4;104900;SNACKPACK_RASPBERRY;10068;28;10066;52;;;10086;28;10088;52;;;10077.0;0.0
4;105000;SNACKPACK_RASPBERRY;10081;38;10079;48;;;10098;38;10100;48;;;10089.5;0.0
4;105100;SNACKPACK_RASPBERRY;10074;30;10072;55;;;10091;30;10093;55;;;10082.5;0.0
4;105200;SNACKPACK_RASPBERRY;10056;20;10054;55;;;10073;20;10075;55;;;10064.5;0.0
4;105300;SNACKPACK_RASPBERRY;10063;28;10061;60;;;10080;28;10082;60;;;10071.5;0.0
4;105400;SNACKPACK_RASPBERRY;10070;39;10068;48;;;10087;39;10089;48;;;10078.5;0.0
4;105500;SNACKPACK_RASPBERRY;10062;40;10060;52;;;10079;40;10081;52;;;10070.5;0.0
4;105600;SNACKPACK_RASPBERRY;10063;21;10061;54;;;10080;21;10082;54;;;10071.5;0.0
4;105700;SNACKPACK_RASPBERRY;10065;28;10063;52;;;10083;28;10085;52;;;10074.0;0.0
4;105800;SNACKPACK_RASPBERRY;10062;39;10060;59;;;10079;39;10081;59;;;10070.5;0.0
4;105900;SNACKPACK_RASPBERRY;10065;25;10063;49;;;10082;25;10084;49;;;10073.5;0.0
4;106000;SNACKPACK_RASPBERRY;10070;27;10068;45;;;10087;27;10089;45;;;10078.5;0.0
4;106100;SNACKPACK_RASPBERRY;10068;35;10066;50;;;10085;35;10087;50;;;10076.5;0.0
4;106200;SNACKPACK_RASPBERRY;10076;29;10074;44;;;10094;29;10096;44;;;10085.0;0.0
4;106300;SNACKPACK_RASPBERRY;10084;35;10082;48;;;10101;35;10103;48;;;10092.5;0.0
4;106400;SNACKPACK_RASPBERRY;10091;24;10089;58;;;10109;24;10111;58;;;10100.0;0.0
4;106500;SNACKPACK_RASPBERRY;10077;39;10075;57;;;10094;39;10096;57;;;10085.5;0.0
4;106600;SNACKPACK_RASPBERRY;10076;36;10074;57;;;10094;36;10096;57;;;10085.0;0.0
4;106700;SNACKPACK_RASPBERRY;10072;38;10070;50;;;10089;38;10091;50;;;10080.5;0.0
4;106800;SNACKPACK_RASPBERRY;10070;35;10068;41;;;10087;35;10089;41;;;10078.5;0.0
4;106900;SNACKPACK_RASPBERRY;10062;37;10060;51;;;10079;37;10081;51;;;10070.5;0.0
4;107000;SNACKPACK_RASPBERRY;10060;37;10058;43;;;10077;37;10079;43;;;10068.5;0.0
4;107100;SNACKPACK_RASPBERRY;10053;31;10051;42;;;10070;31;10072;42;;;10061.5;0.0
4;107200;SNACKPACK_RASPBERRY;10039;24;10037;56;;;10056;24;10058;56;;;10047.5;0.0
4;107300;SNACKPACK_RASPBERRY;10048;25;10046;58;;;10065;25;10068;58;;;10056.5;0.0
4;107400;SNACKPACK_RASPBERRY;10045;29;10043;42;;;10062;29;10064;42;;;10053.5;0.0
4;107500;SNACKPACK_RASPBERRY;10037;27;10035;52;;;10054;27;10056;52;;;10045.5;0.0
4;107600;SNACKPACK_RASPBERRY;10047;21;10045;57;;;10064;21;10066;57;;;10055.5;0.0
4;107700;SNACKPACK_RASPBERRY;10052;20;10050;52;;;10069;20;10071;52;;;10060.5;0.0
4;107800;SNACKPACK_RASPBERRY;10049;30;10047;43;;;10066;30;10068;43;;;10057.5;0.0
4;107900;SNACKPACK_RASPBERRY;10041;36;10039;47;;;10058;36;10060;47;;;10049.5;0.0
4;108000;SNACKPACK_RASPBERRY;10031;28;10029;50;;;10048;28;10050;50;;;10039.5;0.0
4;108100;SNACKPACK_RASPBERRY;10038;30;10036;41;;;10055;30;10057;41;;;10046.5;0.0
4;108200;SNACKPACK_RASPBERRY;10042;29;10040;44;;;10059;29;10061;44;;;10050.5;0.0
4;108300;SNACKPACK_RASPBERRY;10031;32;10029;44;;;10048;32;10050;44;;;10039.5;0.0
4;108400;SNACKPACK_RASPBERRY;10022;40;10020;56;;;10039;40;10041;56;;;10030.5;0.0
4;108500;SNACKPACK_RASPBERRY;10011;34;10009;52;;;10028;34;10030;52;;;10019.5;0.0
4;108600;SNACKPACK_RASPBERRY;10005;35;10003;60;;;10022;35;10024;60;;;10013.5;0.0
4;108700;SNACKPACK_RASPBERRY;10011;20;10009;58;;;10028;20;10030;58;;;10019.5;0.0
4;108800;SNACKPACK_RASPBERRY;10011;28;10009;54;;;10028;28;10030;54;;;10019.5;0.0
4;108900;SNACKPACK_RASPBERRY;9996;37;9994;41;;;10013;37;10015;41;;;10004.5;0.0
4;109000;SNACKPACK_RASPBERRY;10000;21;9998;48;;;10017;21;10019;48;;;10008.5;0.0
4;109100;SNACKPACK_RASPBERRY;10002;25;10000;52;;;10019;25;10021;52;;;10010.5;0.0
4;109200;SNACKPACK_RASPBERRY;10005;36;10003;45;;;10022;36;10024;45;;;10013.5;0.0
4;109300;SNACKPACK_RASPBERRY;10004;35;10002;43;;;10021;35;10023;43;;;10012.5;0.0
4;109400;SNACKPACK_RASPBERRY;10008;37;10006;41;;;10025;37;10027;41;;;10016.5;0.0
4;109500;SNACKPACK_RASPBERRY;10011;38;10009;49;;;10028;38;10030;49;;;10019.5;0.0
4;109600;SNACKPACK_RASPBERRY;10012;39;10010;49;;;10029;39;10031;49;;;10020.5;0.0
4;109700;SNACKPACK_RASPBERRY;10007;35;10005;52;;;10024;35;10026;52;;;10015.5;0.0
4;109800;SNACKPACK_RASPBERRY;9996;35;9994;59;;;10013;35;10015;59;;;10004.5;0.0
4;109900;SNACKPACK_RASPBERRY;9999;29;9997;42;;;10016;29;10018;42;;;10007.5;0.0
4;110000;SNACKPACK_RASPBERRY;10014;2;10006;29;10003;53;10023;29;10025;53;;;10018.5;0.0
4;110100;SNACKPACK_RASPBERRY;10009;39;10007;52;;;10026;39;10028;52;;;10017.5;0.0
4;110200;SNACKPACK_RASPBERRY;10004;26;10002;52;;;10021;26;10023;52;;;10012.5;0.0
4;110300;SNACKPACK_RASPBERRY;9994;21;9992;42;;;10011;21;10013;42;;;10002.5;0.0
4;110400;SNACKPACK_RASPBERRY;9979;24;9977;50;;;9996;24;9998;50;;;9987.5;0.0
4;110500;SNACKPACK_RASPBERRY;9977;27;9975;53;;;9994;27;9996;53;;;9985.5;0.0
4;110600;SNACKPACK_RASPBERRY;9986;36;9984;41;;;10003;36;10005;41;;;9994.5;0.0
4;110700;SNACKPACK_RASPBERRY;9971;22;9969;57;;;9988;22;9990;57;;;9979.5;0.0
4;110800;SNACKPACK_RASPBERRY;9966;30;9964;52;;;9983;30;9985;52;;;9974.5;0.0
4;110900;SNACKPACK_RASPBERRY;9957;37;9955;40;;;9974;37;9976;40;;;9965.5;0.0
4;111000;SNACKPACK_RASPBERRY;9967;37;9965;57;;;9984;37;9986;57;;;9975.5;0.0
4;111100;SNACKPACK_RASPBERRY;9974;31;9972;51;;;9991;31;9993;51;;;9982.5;0.0
4;111200;SNACKPACK_RASPBERRY;9985;34;9983;51;;;10002;34;10004;51;;;9993.5;0.0
4;111300;SNACKPACK_RASPBERRY;9981;20;9979;49;;;9998;20;10000;49;;;9989.5;0.0
4;111400;SNACKPACK_RASPBERRY;9992;23;9990;55;;;10009;23;10011;55;;;10000.5;0.0
4;111500;SNACKPACK_RASPBERRY;9995;22;9993;46;;;10012;22;10014;46;;;10003.5;0.0
4;111600;SNACKPACK_RASPBERRY;10003;2;9995;35;9993;43;10012;35;10014;43;;;10007.5;0.0
4;111700;SNACKPACK_RASPBERRY;10002;26;10000;54;;;10019;26;10021;54;;;10010.5;0.0
4;111800;SNACKPACK_RASPBERRY;10013;22;10010;60;;;10030;22;10032;60;;;10021.5;0.0
4;111900;SNACKPACK_RASPBERRY;10005;31;10003;44;;;10022;31;10024;44;;;10013.5;0.0
4;112000;SNACKPACK_RASPBERRY;10001;29;9999;49;;;10018;29;10020;49;;;10009.5;0.0
4;112100;SNACKPACK_RASPBERRY;10008;26;10006;53;;;10025;26;10027;53;;;10016.5;0.0
4;112200;SNACKPACK_RASPBERRY;10013;36;10011;48;;;10030;36;10032;48;;;10021.5;0.0
4;112300;SNACKPACK_RASPBERRY;10003;23;10001;44;;;10020;23;10022;44;;;10011.5;0.0
4;112400;SNACKPACK_RASPBERRY;10005;34;10003;42;;;10022;34;10024;42;;;10013.5;0.0
4;112500;SNACKPACK_RASPBERRY;10008;36;10006;58;;;10025;36;10027;58;;;10016.5;0.0
4;112600;SNACKPACK_RASPBERRY;10000;25;9998;54;;;10017;25;10019;54;;;10008.5;0.0
4;112700;SNACKPACK_RASPBERRY;9998;24;9996;40;;;10015;24;10017;40;;;10006.5;0.0
4;112800;SNACKPACK_RASPBERRY;9994;27;9992;40;;;10011;27;10013;40;;;10002.5;0.0
4;112900;SNACKPACK_RASPBERRY;9990;22;9988;51;;;10007;22;10009;51;;;9998.5;0.0
4;113000;SNACKPACK_RASPBERRY;9989;39;9987;49;;;10006;39;10008;49;;;9997.5;0.0
4;113100;SNACKPACK_RASPBERRY;9966;30;9964;49;;;9983;30;9985;49;;;9974.5;0.0
4;113200;SNACKPACK_RASPBERRY;9968;32;9966;51;;;9985;32;9987;51;;;9976.5;0.0
4;113300;SNACKPACK_RASPBERRY;9982;26;9980;54;;;9999;26;10001;54;;;9990.5;0.0
4;113400;SNACKPACK_RASPBERRY;10001;35;9999;50;;;10018;35;10020;50;;;10009.5;0.0
4;113500;SNACKPACK_RASPBERRY;10004;34;10002;58;;;10021;34;10023;58;;;10012.5;0.0
4;113600;SNACKPACK_RASPBERRY;10004;35;10002;48;;;10021;35;10023;48;;;10012.5;0.0
4;113700;SNACKPACK_RASPBERRY;10005;28;10003;48;;;10022;28;10024;48;;;10013.5;0.0
4;113800;SNACKPACK_RASPBERRY;10018;23;10016;56;;;10035;23;10037;56;;;10026.5;0.0
4;113900;SNACKPACK_RASPBERRY;10018;21;10016;60;;;10035;21;10037;60;;;10026.5;0.0
4;114000;SNACKPACK_RASPBERRY;10015;31;10013;53;;;10032;31;10034;53;;;10023.5;0.0
4;114100;SNACKPACK_RASPBERRY;10011;38;10009;54;;;10028;38;10030;54;;;10019.5;0.0
4;114200;SNACKPACK_RASPBERRY;10022;39;10020;59;;;10039;39;10041;59;;;10030.5;0.0
4;114300;SNACKPACK_RASPBERRY;10008;21;10006;53;;;10025;21;10027;53;;;10016.5;0.0
4;114400;SNACKPACK_RASPBERRY;10019;4;10011;39;10009;41;10028;39;10030;41;;;10023.5;0.0
4;114500;SNACKPACK_RASPBERRY;10022;26;10020;56;;;10039;26;10041;56;;;10030.5;0.0
4;114600;SNACKPACK_RASPBERRY;10029;35;10027;46;;;10046;35;10048;46;;;10037.5;0.0
4;114700;SNACKPACK_RASPBERRY;10026;34;10024;40;;;10043;34;10045;40;;;10034.5;0.0
4;114800;SNACKPACK_RASPBERRY;10021;34;10019;54;;;10038;34;10040;54;;;10029.5;0.0
4;114900;SNACKPACK_RASPBERRY;10011;20;10009;60;;;10028;20;10030;60;;;10019.5;0.0
4;115000;SNACKPACK_RASPBERRY;10008;24;10006;48;;;10025;24;10027;48;;;10016.5;0.0
4;115100;SNACKPACK_RASPBERRY;10011;25;10009;53;;;10028;25;10030;53;;;10019.5;0.0
4;115200;SNACKPACK_RASPBERRY;10014;35;10012;59;;;10031;35;10033;59;;;10022.5;0.0
4;115300;SNACKPACK_RASPBERRY;10010;31;10008;54;;;10027;31;10029;54;;;10018.5;0.0
4;115400;SNACKPACK_RASPBERRY;10008;26;10006;57;;;10025;26;10027;57;;;10016.5;0.0
4;115500;SNACKPACK_RASPBERRY;10011;34;10009;55;;;10028;34;10030;55;;;10019.5;0.0
4;115600;SNACKPACK_RASPBERRY;10013;31;10011;56;;;10030;31;10032;56;;;10021.5;0.0
4;115700;SNACKPACK_RASPBERRY;10027;31;10025;40;;;10044;31;10046;40;;;10035.5;0.0
4;115800;SNACKPACK_RASPBERRY;10021;27;10019;51;;;10038;27;10040;51;;;10029.5;0.0
4;115900;SNACKPACK_RASPBERRY;10023;20;10021;53;;;10040;20;10042;53;;;10031.5;0.0
4;116000;SNACKPACK_RASPBERRY;10025;40;10023;48;;;10042;40;10044;48;;;10033.5;0.0
4;116100;SNACKPACK_RASPBERRY;10036;30;10034;55;;;10054;30;10056;55;;;10045.0;0.0
4;116200;SNACKPACK_RASPBERRY;10033;38;10031;60;;;10050;38;10052;60;;;10041.5;0.0
4;116300;SNACKPACK_RASPBERRY;10036;37;10034;49;;;10053;37;10055;49;;;10044.5;0.0
4;116400;SNACKPACK_RASPBERRY;10052;31;10050;57;;;10069;31;10071;57;;;10060.5;0.0
4;116500;SNACKPACK_RASPBERRY;10074;20;10072;58;;;10091;20;10093;58;;;10082.5;0.0
4;116600;SNACKPACK_RASPBERRY;10067;28;10065;45;;;10084;28;10086;45;;;10075.5;0.0
4;116700;SNACKPACK_RASPBERRY;10067;36;10065;54;;;10084;36;10086;54;;;10075.5;0.0
4;116800;SNACKPACK_RASPBERRY;10062;34;10060;59;;;10079;34;10081;59;;;10070.5;0.0
4;116900;SNACKPACK_RASPBERRY;10047;37;10045;52;;;10065;37;10067;52;;;10056.0;0.0
4;117000;SNACKPACK_RASPBERRY;10055;38;10053;40;;;10072;38;10074;40;;;10063.5;0.0
4;117100;SNACKPACK_RASPBERRY;10074;31;10072;53;;;10091;31;10093;53;;;10082.5;0.0
4;117200;SNACKPACK_RASPBERRY;10077;36;10075;51;;;10094;36;10096;51;;;10085.5;0.0
4;117300;SNACKPACK_RASPBERRY;10075;30;10073;43;;;10092;30;10094;43;;;10083.5;0.0
4;117400;SNACKPACK_RASPBERRY;10075;38;10073;48;;;10092;38;10094;48;;;10083.5;0.0
4;117500;SNACKPACK_RASPBERRY;10076;37;10074;43;;;10094;37;10096;43;;;10085.0;0.0
4;117600;SNACKPACK_RASPBERRY;10079;39;10077;43;;;10097;39;10099;43;;;10088.0;0.0
4;117700;SNACKPACK_RASPBERRY;10083;39;10081;43;;;10100;39;10102;43;;;10091.5;0.0
4;117800;SNACKPACK_RASPBERRY;10082;29;10080;50;;;10099;29;10101;50;;;10090.5;0.0
4;117900;SNACKPACK_RASPBERRY;10070;21;10068;54;;;10087;21;10089;54;;;10078.5;0.0
4;118000;SNACKPACK_RASPBERRY;10063;37;10061;47;;;10080;37;10082;47;;;10071.5;0.0
4;118100;SNACKPACK_RASPBERRY;10072;26;10070;49;;;10089;26;10091;49;;;10080.5;0.0
4;118200;SNACKPACK_RASPBERRY;10066;34;10064;48;;;10083;34;10085;48;;;10074.5;0.0
4;118300;SNACKPACK_RASPBERRY;10068;29;10066;59;;;10085;29;10087;59;;;10076.5;0.0
4;118400;SNACKPACK_RASPBERRY;10072;22;10070;41;;;10089;22;10091;41;;;10080.5;0.0
4;118500;SNACKPACK_RASPBERRY;10070;37;10068;58;;;10078;3;10087;37;10089;58;10074.0;0.0
4;118600;SNACKPACK_RASPBERRY;10061;35;10059;60;;;10078;35;10080;60;;;10069.5;0.0
4;118700;SNACKPACK_RASPBERRY;10054;37;10052;58;;;10071;37;10073;58;;;10062.5;0.0
4;118800;SNACKPACK_RASPBERRY;10053;32;10051;41;;;10071;32;10073;41;;;10062.0;0.0
4;118900;SNACKPACK_RASPBERRY;10050;20;10048;43;;;10067;20;10069;43;;;10058.5;0.0
4;119000;SNACKPACK_RASPBERRY;10050;27;10048;59;;;10068;27;10070;59;;;10059.0;0.0
4;119100;SNACKPACK_RASPBERRY;10047;36;10045;45;;;10064;36;10066;45;;;10055.5;0.0
4;119200;SNACKPACK_RASPBERRY;10036;25;10034;52;;;10053;25;10055;52;;;10044.5;0.0
4;119300;SNACKPACK_RASPBERRY;10045;32;10043;48;;;10063;32;10065;48;;;10054.0;0.0
4;119400;SNACKPACK_RASPBERRY;10039;24;10037;43;;;10056;24;10058;43;;;10047.5;0.0
4;119500;SNACKPACK_RASPBERRY;10035;26;10033;47;;;10052;26;10054;47;;;10043.5;0.0
4;119600;SNACKPACK_RASPBERRY;10036;21;10034;53;;;10053;21;10055;53;;;10044.5;0.0
4;119700;SNACKPACK_RASPBERRY;10045;30;10043;46;;;10062;30;10064;46;;;10053.5;0.0
4;119800;SNACKPACK_RASPBERRY;10053;26;10051;51;;;10071;26;10073;51;;;10062.0;0.0
4;119900;SNACKPACK_RASPBERRY;10050;24;10048;48;;;10067;24;10069;48;;;10058.5;0.0
4;120000;SNACKPACK_RASPBERRY;10047;29;10045;59;;;10064;29;10066;59;;;10055.5;0.0
4;120100;SNACKPACK_RASPBERRY;10046;26;10044;59;;;10063;26;10065;59;;;10054.5;0.0
4;120200;SNACKPACK_RASPBERRY;10044;21;10042;43;;;10062;21;10064;43;;;10053.0;0.0
4;120300;SNACKPACK_RASPBERRY;10042;20;10040;46;;;10059;20;10061;46;;;10050.5;0.0
4;120400;SNACKPACK_RASPBERRY;10047;22;10045;58;;;10064;22;10066;58;;;10055.5;0.0
4;120500;SNACKPACK_RASPBERRY;10045;25;10043;43;;;10062;25;10064;43;;;10053.5;0.0
4;120600;SNACKPACK_RASPBERRY;10040;31;10038;53;;;10057;31;10059;53;;;10048.5;0.0
4;120700;SNACKPACK_RASPBERRY;10037;34;10035;51;;;10054;34;10056;51;;;10045.5;0.0
4;120800;SNACKPACK_RASPBERRY;10040;35;10038;40;;;10057;35;10059;40;;;10048.5;0.0
4;120900;SNACKPACK_RASPBERRY;10030;40;10028;47;;;10047;40;10049;47;;;10038.5;0.0
4;121000;SNACKPACK_RASPBERRY;10034;21;10032;43;;;10051;21;10053;43;;;10042.5;0.0
4;121100;SNACKPACK_RASPBERRY;10040;25;10038;51;;;10057;25;10059;51;;;10048.5;0.0
4;121200;SNACKPACK_RASPBERRY;10025;33;10023;54;;;10042;33;10044;54;;;10033.5;0.0
4;121300;SNACKPACK_RASPBERRY;10025;2;10017;25;10015;42;10034;25;10036;42;;;10029.5;0.0
4;121400;SNACKPACK_RASPBERRY;10009;30;10007;50;;;10026;30;10028;50;;;10017.5;0.0
4;121500;SNACKPACK_RASPBERRY;10006;22;10004;40;;;10023;22;10025;40;;;10014.5;0.0
4;121600;SNACKPACK_RASPBERRY;9995;33;9993;58;;;10012;33;10014;58;;;10003.5;0.0
4;121700;SNACKPACK_RASPBERRY;9992;21;9990;58;;;10009;21;10011;58;;;10000.5;0.0
4;121800;SNACKPACK_RASPBERRY;9996;40;9994;44;;;10013;40;10015;44;;;10004.5;0.0
4;121900;SNACKPACK_RASPBERRY;9991;33;9989;58;;;10008;33;10010;58;;;9999.5;0.0
4;122000;SNACKPACK_RASPBERRY;9994;39;9992;50;;;10011;39;10013;50;;;10002.5;0.0
4;122100;SNACKPACK_RASPBERRY;10005;38;10003;40;;;10022;38;10024;40;;;10013.5;0.0
4;122200;SNACKPACK_RASPBERRY;9995;25;9993;52;;;10012;25;10014;52;;;10003.5;0.0
4;122300;SNACKPACK_RASPBERRY;9997;21;9995;60;;;10014;21;10016;60;;;10005.5;0.0
4;122400;SNACKPACK_RASPBERRY;9990;34;9988;49;;;10007;34;10009;49;;;9998.5;0.0
4;122500;SNACKPACK_RASPBERRY;9995;33;9993;60;;;10012;33;10014;60;;;10003.5;0.0
4;122600;SNACKPACK_RASPBERRY;9995;26;9993;54;;;10012;26;10014;54;;;10003.5;0.0
4;122700;SNACKPACK_RASPBERRY;9999;39;9997;56;;;10016;39;10018;56;;;10007.5;0.0
4;122800;SNACKPACK_RASPBERRY;10006;40;10004;48;;;10023;40;10025;48;;;10014.5;0.0
4;122900;SNACKPACK_RASPBERRY;10023;33;10021;46;;;10040;33;10042;46;;;10031.5;0.0
4;123000;SNACKPACK_RASPBERRY;10011;30;10009;54;;;10028;30;10030;54;;;10019.5;0.0
4;123100;SNACKPACK_RASPBERRY;9995;25;9993;54;;;10012;25;10014;54;;;10003.5;0.0
4;123200;SNACKPACK_RASPBERRY;9985;21;9983;52;;;10002;21;10004;52;;;9993.5;0.0
4;123300;SNACKPACK_RASPBERRY;9983;27;9981;45;;;10000;27;10002;45;;;9991.5;0.0
4;123400;SNACKPACK_RASPBERRY;9992;37;9990;41;;;10009;37;10011;41;;;10000.5;0.0
4;123500;SNACKPACK_RASPBERRY;9993;35;9991;57;;;10010;35;10012;57;;;10001.5;0.0
4;123600;SNACKPACK_RASPBERRY;9996;21;9994;44;;;10013;21;10015;44;;;10004.5;0.0
4;123700;SNACKPACK_RASPBERRY;9988;38;9986;45;;;10005;38;10007;45;;;9996.5;0.0
4;123800;SNACKPACK_RASPBERRY;9993;26;9991;49;;;10010;26;10012;49;;;10001.5;0.0
4;123900;SNACKPACK_RASPBERRY;9994;23;9992;43;;;10011;23;10013;43;;;10002.5;0.0
4;124000;SNACKPACK_RASPBERRY;10005;34;10003;46;;;10022;34;10024;46;;;10013.5;0.0
4;124100;SNACKPACK_RASPBERRY;10003;31;10001;49;;;10020;31;10022;49;;;10011.5;0.0
4;124200;SNACKPACK_RASPBERRY;10003;33;10001;59;;;10020;33;10022;59;;;10011.5;0.0
4;124300;SNACKPACK_RASPBERRY;9992;32;9990;42;;;10009;32;10011;42;;;10000.5;0.0
