day;timestamp;product;bid_price_1;bid_volume_1;bid_price_2;bid_volume_2;bid_price_3;bid_volume_3;ask_price_1;ask_volume_1;ask_price_2;ask_volume_2;ask_price_3;ask_volume_3;mid_price;profit_and_loss
2;0;SNACKPACK_RASPBERRY;9992;36;9990;45;;;10008;36;10010;45;;;10000.0;0.0
2;100;SNACKPACK_RASPBERRY;9997;40;9995;58;;;10014;40;10016;58;;;10005.5;0.0
2;200;SNACKPACK_RASPBERRY;9993;23;9991;57;;;10010;23;10012;57;;;10001.5;0.0
2;300;SNACKPACK_RASPBERRY;10000;36;9998;44;;;10017;36;10019;44;;;10008.5;0.0
2;400;SNACKPACK_RASPBERRY;10010;30;10008;57;;;10027;30;10029;57;;;10018.5;0.0
2;500;SNACKPACK_RASPBERRY;10010;37;10008;48;;;10028;37;10030;48;;;10019.0;0.0
2;600;SNACKPACK_RASPBERRY;10017;39;10015;52;;;10034;39;10036;52;;;10025.5;0.0
2;700;SNACKPACK_RASPBERRY;10019;38;10017;45;;;10036;38;10038;45;;;10027.5;0.0
2;800;SNACKPACK_RASPBERRY;10008;31;10006;43;;;10025;31;10027;43;;;10016.5;0.0
2;900;SNACKPACK_RASPBERRY;10010;25;10008;50;;;10027;25;10029;50;;;10018.5;0.0
2;1000;SNACKPACK_RASPBERRY;10008;38;10006;54;;;10025;38;10027;54;;;10016.5;0.0
2;1100;SNACKPACK_RASPBERRY;10017;38;10015;57;;;10034;38;10036;57;;;10025.5;0.0
2;1200;SNACKPACK_RASPBERRY;10017;31;10015;49;;;10034;31;10036;49;;;10025.5;0.0
2;1300;SNACKPACK_RASPBERRY;10027;37;10025;40;;;10044;37;10046;40;;;10035.5;0.0
2;1400;SNACKPACK_RASPBERRY;10019;32;10017;41;;;10036;32;10038;41;;;10027.5;0.0
2;1500;SNACKPACK_RASPBERRY;10012;30;10010;48;;;10030;30;10032;48;;;10021.0;0.0
2;1600;SNACKPACK_RASPBERRY;10010;29;10008;41;;;10028;29;10030;41;;;10019.0;0.0
2;1700;SNACKPACK_RASPBERRY;10017;40;10015;40;;;10034;40;10036;40;;;10025.5;0.0
2;1800;SNACKPACK_RASPBERRY;10010;20;10008;41;;;10027;20;10029;41;;;10018.5;0.0
2;1900;SNACKPACK_RASPBERRY;10020;37;10018;53;;;10037;37;10039;53;;;10028.5;0.0
2;2000;SNACKPACK_RASPBERRY;10013;28;10011;54;;;10030;28;10032;54;;;10021.5;0.0
2;2100;SNACKPACK_RASPBERRY;10011;21;10009;45;;;10028;21;10030;45;;;10019.5;0.0
2;2200;SNACKPACK_RASPBERRY;10021;30;10019;54;;;10038;30;10040;54;;;10029.5;0.0
2;2300;SNACKPACK_RASPBERRY;10011;25;10009;48;;;10028;25;10030;48;;;10019.5;0.0
2;2400;SNACKPACK_RASPBERRY;10020;38;10018;41;;;10037;38;10039;41;;;10028.5;0.0
2;2500;SNACKPACK_RASPBERRY;10021;29;10019;41;;;10038;29;10040;41;;;10029.5;0.0
2;2600;SNACKPACK_RASPBERRY;10020;31;10018;42;;;10037;31;10039;42;;;10028.5;0.0
2;2700;SNACKPACK_RASPBERRY;10016;31;10014;40;;;10033;31;10035;40;;;10024.5;0.0
2;2800;SNACKPACK_RASPBERRY;10017;21;10015;44;;;10034;21;10036;44;;;10025.5;0.0
2;2900;SNACKPACK_RASPBERRY;10028;30;10026;57;;;10045;30;10047;57;;;10036.5;0.0
2;3000;SNACKPACK_RASPBERRY;10030;35;10028;44;;;10047;35;10049;44;;;10038.5;0.0
2;3100;SNACKPACK_RASPBERRY;10033;20;10031;53;;;10050;20;10052;53;;;10041.5;0.0
2;3200;SNACKPACK_RASPBERRY;10046;39;10044;58;;;10063;39;10065;58;;;10054.5;0.0
2;3300;SNACKPACK_RASPBERRY;10046;38;10044;60;;;10063;38;10065;60;;;10054.5;0.0
2;3400;SNACKPACK_RASPBERRY;10032;22;10030;51;;;10049;22;10051;51;;;10040.5;0.0
2;3500;SNACKPACK_RASPBERRY;10038;32;10036;52;;;10055;32;10057;52;;;10046.5;0.0
2;3600;SNACKPACK_RASPBERRY;10028;30;10026;43;;;10045;30;10047;43;;;10036.5;0.0
2;3700;SNACKPACK_RASPBERRY;10033;30;10031;56;;;10050;30;10052;56;;;10041.5;0.0
2;3800;SNACKPACK_RASPBERRY;10042;25;10040;55;;;10060;25;10062;55;;;10051.0;0.0
2;3900;SNACKPACK_RASPBERRY;10037;22;10035;47;;;10054;22;10056;47;;;10045.5;0.0
2;4000;SNACKPACK_RASPBERRY;10032;29;10030;54;;;10049;29;10051;54;;;10040.5;0.0
2;4100;SNACKPACK_RASPBERRY;10044;20;10042;41;;;10061;20;10063;41;;;10052.5;0.0
2;4200;SNACKPACK_RASPBERRY;10039;24;10037;45;;;10056;24;10058;45;;;10047.5;0.0
2;4300;SNACKPACK_RASPBERRY;10041;33;10039;54;;;10058;33;10060;54;;;10049.5;0.0
2;4400;SNACKPACK_RASPBERRY;10043;20;10041;48;;;10060;20;10062;48;;;10051.5;0.0
2;4500;SNACKPACK_RASPBERRY;10053;29;10051;60;;;10071;29;10073;60;;;10062.0;0.0
2;4600;SNACKPACK_RASPBERRY;10055;39;10053;44;;;10072;39;10074;44;;;10063.5;0.0
2;4700;SNACKPACK_RASPBERRY;10050;33;10047;55;;;10067;33;10069;55;;;10058.5;0.0
2;4800;SNACKPACK_RASPBERRY;10050;35;10048;55;;;10068;35;10070;55;;;10059.0;0.0
2;4900;SNACKPACK_RASPBERRY;10064;23;10062;55;;;10081;23;10083;55;;;10072.5;0.0
2;5000;SNACKPACK_RASPBERRY;10065;22;10063;56;;;10082;22;10084;56;;;10073.5;0.0
2;5100;SNACKPACK_RASPBERRY;10062;32;10060;48;;;10079;32;10081;48;;;10070.5;0.0
2;5200;SNACKPACK_RASPBERRY;10057;22;10055;57;;;10074;22;10076;57;;;10065.5;0.0
2;5300;SNACKPACK_RASPBERRY;10064;38;10062;54;;;10081;38;10083;54;;;10072.5;0.0
2;5400;SNACKPACK_RASPBERRY;10069;36;10067;40;;;10086;36;10088;40;;;10077.5;0.0
2;5500;SNACKPACK_RASPBERRY;10066;22;10064;42;;;10083;22;10085;42;;;10074.5;0.0
2;5600;SNACKPACK_RASPBERRY;10045;22;10043;52;;;10062;22;10064;52;;;10053.5;0.0
2;5700;SNACKPACK_RASPBERRY;10051;24;10049;57;;;10068;24;10070;57;;;10059.5;0.0
2;5800;SNACKPACK_RASPBERRY;10054;24;10052;57;;;10071;24;10073;57;;;10062.5;0.0
2;5900;SNACKPACK_RASPBERRY;10058;26;10056;59;;;10075;26;10077;59;;;10066.5;0.0
2;6000;SNACKPACK_RASPBERRY;10055;40;10053;49;;;10072;40;10074;49;;;10063.5;0.0
2;6100;SNACKPACK_RASPBERRY;10049;23;10047;47;;;10066;23;10068;47;;;10057.5;0.0
2;6200;SNACKPACK_RASPBERRY;10043;37;10041;60;;;10060;37;10062;60;;;10051.5;0.0
2;6300;SNACKPACK_RASPBERRY;10038;32;10036;45;;;10055;32;10057;45;;;10046.5;0.0
2;6400;SNACKPACK_RASPBERRY;10044;23;10042;44;;;10061;23;10063;44;;;10052.5;0.0
2;6500;SNACKPACK_RASPBERRY;10036;39;10034;60;;;10053;39;10055;60;;;10044.5;0.0
2;6600;SNACKPACK_RASPBERRY;10028;36;10026;49;;;10046;36;10048;49;;;10037.0;0.0
2;6700;SNACKPACK_RASPBERRY;10036;20;10034;41;;;10053;20;10055;41;;;10044.5;0.0
2;6800;SNACKPACK_RASPBERRY;10047;40;10045;42;;;10064;40;10066;42;;;10055.5;0.0
2;6900;SNACKPACK_RASPBERRY;10039;37;10037;57;;;10056;37;10058;57;;;10047.5;0.0
2;7000;SNACKPACK_RASPBERRY;10029;40;10027;45;;;10046;40;10048;45;;;10037.5;0.0
2;7100;SNACKPACK_RASPBERRY;10030;31;10028;55;;;10048;31;10050;55;;;10039.0;0.0
2;7200;SNACKPACK_RASPBERRY;10030;34;10028;40;;;10048;34;10050;40;;;10039.0;0.0
2;7300;SNACKPACK_RASPBERRY;10039;29;10037;50;;;10056;29;10058;50;;;10047.5;0.0
2;7400;SNACKPACK_RASPBERRY;10040;39;10038;50;;;10057;39;10059;50;;;10048.5;0.0
2;7500;SNACKPACK_RASPBERRY;10042;37;10040;52;;;10059;37;10061;52;;;10050.5;0.0
2;7600;SNACKPACK_RASPBERRY;10041;26;10039;59;;;10059;26;10061;59;;;10050.0;0.0
2;7700;SNACKPACK_RASPBERRY;10034;39;10032;53;;;10051;39;10053;53;;;10042.5;0.0
2;7800;SNACKPACK_RASPBERRY;10040;25;10038;48;;;10057;25;10059;48;;;10048.5;0.0
2;7900;SNACKPACK_RASPBERRY;10041;34;10039;60;;;10058;34;10060;60;;;10049.5;0.0
2;8000;SNACKPACK_RASPBERRY;10043;25;10041;46;;;10060;25;10062;46;;;10051.5;0.0
2;8100;SNACKPACK_RASPBERRY;10038;37;10036;52;;;10055;37;10057;52;;;10046.5;0.0
2;8200;SNACKPACK_RASPBERRY;10032;39;10030;58;;;10049;39;10051;58;;;10040.5;0.0
2;8300;SNACKPACK_RASPBERRY;10017;24;10015;42;;;10034;24;10036;42;;;10025.5;0.0
2;8400;SNACKPACK_RASPBERRY;10026;23;10024;51;;;10043;23;10045;51;;;10034.5;0.0
2;8500;SNACKPACK_RASPBERRY;10029;37;10027;49;;;10046;37;10048;49;;;10037.5;0.0
2;8600;SNACKPACK_RASPBERRY;10022;26;10020;51;;;10040;26;10042;51;;;10031.0;0.0
2;8700;SNACKPACK_RASPBERRY;10025;40;10023;48;;;10042;40;10044;48;;;10033.5;0.0
2;8800;SNACKPACK_RASPBERRY;10028;20;10026;52;;;10045;20;10047;52;;;10036.5;0.0
2;8900;SNACKPACK_RASPBERRY;10032;32;10030;54;;;10049;32;10051;54;;;10040.5;0.0
2;9000;SNACKPACK_RASPBERRY;10031;27;10029;59;;;10048;27;10050;59;;;10039.5;0.0
2;9100;SNACKPACK_RASPBERRY;10026;32;10024;55;;;10043;32;10045;55;;;10034.5;0.0
2;9200;SNACKPACK_RASPBERRY;10034;36;10031;57;;;10051;36;10053;57;;;10042.5;0.0
2;9300;SNACKPACK_RASPBERRY;10024;22;10022;54;;;10041;22;10043;54;;;10032.5;0.0
2;9400;SNACKPACK_RASPBERRY;10035;38;10033;40;;;10052;38;10054;40;;;10043.5;0.0
2;9500;SNACKPACK_RASPBERRY;10034;22;10032;54;;;10051;22;10053;54;;;10042.5;0.0
2;9600;SNACKPACK_RASPBERRY;10046;32;10044;51;;;10063;32;10065;51;;;10054.5;0.0
2;9700;SNACKPACK_RASPBERRY;10052;20;10050;45;;;10069;20;10071;45;;;10060.5;0.0
2;9800;SNACKPACK_RASPBERRY;10049;32;10047;55;;;10066;32;10068;55;;;10057.5;0.0
2;9900;SNACKPACK_RASPBERRY;10048;20;10046;48;;;10065;20;10067;48;;;10056.5;0.0
2;10000;SNACKPACK_RASPBERRY;10040;30;10038;59;;;10057;30;10059;59;;;10048.5;0.0
2;10100;SNACKPACK_RASPBERRY;10051;39;10049;58;;;10068;39;10070;58;;;10059.5;0.0
2;10200;SNACKPACK_RASPBERRY;10041;30;10039;51;;;10049;6;10058;30;10060;51;10045.0;0.0
2;10300;SNACKPACK_RASPBERRY;10042;32;10040;60;;;10059;32;10061;60;;;10050.5;0.0
2;10400;SNACKPACK_RASPBERRY;10043;22;10041;50;;;10060;22;10062;50;;;10051.5;0.0
2;10500;SNACKPACK_RASPBERRY;10034;28;10032;51;;;10051;28;10053;51;;;10042.5;0.0
2;10600;SNACKPACK_RASPBERRY;10039;20;10037;58;;;10056;20;10058;58;;;10047.5;0.0
2;10700;SNACKPACK_RASPBERRY;10029;23;10027;58;;;10046;23;10048;58;;;10037.5;0.0
2;10800;SNACKPACK_RASPBERRY;10034;34;10032;41;;;10051;34;10053;41;;;10042.5;0.0
2;10900;SNACKPACK_RASPBERRY;10029;22;10027;55;;;10046;22;10048;55;;;10037.5;0.0
2;11000;SNACKPACK_RASPBERRY;10026;30;10024;42;;;10043;30;10045;42;;;10034.5;0.0
2;11100;SNACKPACK_RASPBERRY;10025;20;10023;57;;;10042;20;10044;57;;;10033.5;0.0
2;11200;SNACKPACK_RASPBERRY;10035;4;10027;20;10025;42;10044;20;10046;42;;;10039.5;0.0
2;11300;SNACKPACK_RASPBERRY;10026;35;10024;42;;;10043;35;10045;42;;;10034.5;0.0
2;11400;SNACKPACK_RASPBERRY;10008;25;10006;54;;;10025;25;10027;54;;;10016.5;0.0
2;11500;SNACKPACK_RASPBERRY;10012;21;10010;46;;;10029;21;10031;46;;;10020.5;0.0
2;11600;SNACKPACK_RASPBERRY;10005;20;10003;52;;;10022;20;10024;52;;;10013.5;0.0
2;11700;SNACKPACK_RASPBERRY;10006;38;10004;53;;;10023;38;10025;53;;;10014.5;0.0
2;11800;SNACKPACK_RASPBERRY;9996;23;9994;47;;;10013;23;10015;47;;;10004.5;0.0
2;11900;SNACKPACK_RASPBERRY;9985;27;9983;52;;;10002;27;10004;52;;;9993.5;0.0
2;12000;SNACKPACK_RASPBERRY;9993;34;9991;48;;;10010;34;10012;48;;;10001.5;0.0
2;12100;SNACKPACK_RASPBERRY;9998;34;9996;47;;;10015;34;10017;47;;;10006.5;0.0
2;12200;SNACKPACK_RASPBERRY;10001;30;9999;50;;;10018;30;10020;50;;;10009.5;0.0
2;12300;SNACKPACK_RASPBERRY;9989;33;9987;54;;;10006;33;10008;54;;;9997.5;0.0
2;12400;SNACKPACK_RASPBERRY;9988;37;9986;53;;;10005;37;10007;53;;;9996.5;0.0
2;12500;SNACKPACK_RASPBERRY;9992;27;9990;41;;;10009;27;10011;41;;;10000.5;0.0
2;12600;SNACKPACK_RASPBERRY;9984;35;9982;59;;;10001;35;10003;59;;;9992.5;0.0
2;12700;SNACKPACK_RASPBERRY;9990;25;9988;57;;;10007;25;10009;57;;;9998.5;0.0
2;12800;SNACKPACK_RASPBERRY;9994;27;9992;43;;;10011;27;10013;43;;;10002.5;0.0
2;12900;SNACKPACK_RASPBERRY;9992;33;9990;42;;;10009;33;10011;42;;;10000.5;0.0
2;13000;SNACKPACK_RASPBERRY;9997;24;9995;47;;;10014;24;10016;47;;;10005.5;0.0
2;13100;SNACKPACK_RASPBERRY;10006;23;10004;58;;;10023;23;10025;58;;;10014.5;0.0
2;13200;SNACKPACK_RASPBERRY;9996;33;9994;58;;;10013;33;10015;58;;;10004.5;0.0
2;13300;SNACKPACK_RASPBERRY;9991;36;9989;43;;;10008;36;10010;43;;;9999.5;0.0
2;13400;SNACKPACK_RASPBERRY;9999;34;9997;55;;;10016;34;10018;55;;;10007.5;0.0
2;13500;SNACKPACK_RASPBERRY;9992;22;9990;41;;;10009;22;10011;41;;;10000.5;0.0
2;13600;SNACKPACK_RASPBERRY;10009;32;10007;40;;;10026;32;10028;40;;;10017.5;0.0
2;13700;SNACKPACK_RASPBERRY;10000;22;9998;45;;;10017;22;10019;45;;;10008.5;0.0
2;13800;SNACKPACK_RASPBERRY;10008;22;10006;46;;;10025;22;10027;46;;;10016.5;0.0
2;13900;SNACKPACK_RASPBERRY;10007;21;10005;41;;;10024;21;10026;41;;;10015.5;0.0
2;14000;SNACKPACK_RASPBERRY;10003;23;10001;60;;;10020;23;10022;60;;;10011.5;0.0
2;14100;SNACKPACK_RASPBERRY;9992;34;9990;57;;;10009;34;10011;57;;;10000.5;0.0
2;14200;SNACKPACK_RASPBERRY;9996;28;9994;60;;;10013;28;10015;60;;;10004.5;0.0
2;14300;SNACKPACK_RASPBERRY;9983;29;9981;60;;;10000;29;10002;60;;;9991.5;0.0
2;14400;SNACKPACK_RASPBERRY;9994;29;9992;40;;;10011;29;10013;40;;;10002.5;0.0
2;14500;SNACKPACK_RASPBERRY;9988;31;9986;55;;;10005;31;10007;55;;;9996.5;0.0
2;14600;SNACKPACK_RASPBERRY;10004;39;10002;49;;;10021;39;10023;49;;;10012.5;0.0
2;14700;SNACKPACK_RASPBERRY;10007;28;10005;47;;;10024;28;10026;47;;;10015.5;0.0
2;14800;SNACKPACK_RASPBERRY;10018;22;10016;42;;;10035;22;10037;42;;;10026.5;0.0
2;14900;SNACKPACK_RASPBERRY;10011;29;10009;54;;;10028;29;10030;54;;;10019.5;0.0
2;15000;SNACKPACK_RASPBERRY;10009;30;10007;59;;;10026;30;10028;59;;;10017.5;0.0
2;15100;SNACKPACK_RASPBERRY;10006;38;10004;53;;;10023;38;10025;53;;;10014.5;0.0
2;15200;SNACKPACK_RASPBERRY;10009;21;10007;52;;;10026;21;10028;52;;;10017.5;0.0
2;15300;SNACKPACK_RASPBERRY;10020;38;10018;52;;;10037;38;10039;52;;;10028.5;0.0
2;15400;SNACKPACK_RASPBERRY;10025;32;10023;58;;;10042;32;10044;58;;;10033.5;0.0
2;15500;SNACKPACK_RASPBERRY;10022;30;10020;53;;;10039;30;10041;53;;;10030.5;0.0
2;15600;SNACKPACK_RASPBERRY;10019;29;10017;44;;;10036;29;10038;44;;;10027.5;0.0
2;15700;SNACKPACK_RASPBERRY;10023;2;10015;39;10013;45;10032;39;10034;45;;;10027.5;0.0
2;15800;SNACKPACK_RASPBERRY;9999;40;9997;56;;;10016;40;10018;56;;;10007.5;0.0
2;15900;SNACKPACK_RASPBERRY;9991;27;9989;40;;;10008;27;10010;40;;;9999.5;0.0
2;16000;SNACKPACK_RASPBERRY;9971;24;9969;41;;;9988;24;9990;41;;;9979.5;0.0
2;16100;SNACKPACK_RASPBERRY;9968;39;9966;60;;;9985;39;9987;60;;;9976.5;0.0
2;16200;SNACKPACK_RASPBERRY;9965;26;9963;53;;;9982;26;9984;53;;;9973.5;0.0
2;16300;SNACKPACK_RASPBERRY;9970;32;9968;42;;;9987;32;9989;42;;;9978.5;0.0
2;16400;SNACKPACK_RASPBERRY;9983;20;9981;49;;;10000;20;10002;49;;;9991.5;0.0
2;16500;SNACKPACK_RASPBERRY;9996;37;9994;41;;;10013;37;10015;41;;;10004.5;0.0
2;16600;SNACKPACK_RASPBERRY;9981;29;9979;42;;;9998;29;10000;42;;;9989.5;0.0
2;16700;SNACKPACK_RASPBERRY;9998;21;9996;52;;;10015;21;10017;52;;;10006.5;0.0
2;16800;SNACKPACK_RASPBERRY;9993;25;9991;44;;;10010;25;10012;44;;;10001.5;0.0
2;16900;SNACKPACK_RASPBERRY;9994;21;9992;46;;;10011;21;10013;46;;;10002.5;0.0
2;17000;SNACKPACK_RASPBERRY;9985;28;9983;59;;;10002;28;10004;59;;;9993.5;0.0
2;17100;SNACKPACK_RASPBERRY;9964;30;9962;40;;;9981;30;9983;40;;;9972.5;0.0
2;17200;SNACKPACK_RASPBERRY;9974;28;9972;44;;;9991;28;9993;44;;;9982.5;0.0
2;17300;SNACKPACK_RASPBERRY;9974;28;9972;46;;;9991;28;9993;46;;;9982.5;0.0
2;17400;SNACKPACK_RASPBERRY;9973;38;9971;44;;;9990;38;9992;44;;;9981.5;0.0
2;17500;SNACKPACK_RASPBERRY;9966;32;9964;54;;;9983;32;9985;54;;;9974.5;0.0
2;17600;SNACKPACK_RASPBERRY;9971;25;9969;47;;;9988;25;9990;47;;;9979.5;0.0
2;17700;SNACKPACK_RASPBERRY;9961;21;9959;47;;;9978;21;9980;47;;;9969.5;0.0
2;17800;SNACKPACK_RASPBERRY;9961;23;9959;60;;;9978;23;9980;60;;;9969.5;0.0
2;17900;SNACKPACK_RASPBERRY;9966;34;9964;60;;;9983;34;9985;60;;;9974.5;0.0
2;18000;SNACKPACK_RASPBERRY;9975;26;9973;58;;;9992;26;9994;58;;;9983.5;0.0
2;18100;SNACKPACK_RASPBERRY;9979;21;9977;55;;;9996;21;9998;55;;;9987.5;0.0
2;18200;SNACKPACK_RASPBERRY;9984;24;9982;43;;;10001;24;10003;43;;;9992.5;0.0
2;18300;SNACKPACK_RASPBERRY;9993;24;9991;43;;;10010;24;10012;43;;;10001.5;0.0
2;18400;SNACKPACK_RASPBERRY;9983;28;9981;43;;;10000;28;10002;43;;;9991.5;0.0
2;18500;SNACKPACK_RASPBERRY;9983;34;9981;53;;;10000;34;10002;53;;;9991.5;0.0
2;18600;SNACKPACK_RASPBERRY;9986;25;9984;56;;;10003;25;10005;56;;;9994.5;0.0
2;18700;SNACKPACK_RASPBERRY;9995;25;9993;55;;;10012;25;10014;55;;;10003.5;0.0
2;18800;SNACKPACK_RASPBERRY;9989;39;9987;41;;;10006;39;10008;41;;;9997.5;0.0
2;18900;SNACKPACK_RASPBERRY;9981;36;9979;43;;;9998;36;10000;43;;;9989.5;0.0
2;19000;SNACKPACK_RASPBERRY;9975;37;9973;49;;;9992;37;9994;49;;;9983.5;0.0
2;19100;SNACKPACK_RASPBERRY;9987;6;9979;20;9977;45;9996;20;9998;45;;;9991.5;0.0
2;19200;SNACKPACK_RASPBERRY;9982;20;9980;41;;;9999;20;10001;41;;;9990.5;0.0
2;19300;SNACKPACK_RASPBERRY;9979;28;9977;45;;;9996;28;9998;45;;;9987.5;0.0
2;19400;SNACKPACK_RASPBERRY;9984;35;9982;47;;;10001;35;10003;47;;;9992.5;0.0
2;19500;SNACKPACK_RASPBERRY;9966;29;9964;45;;;9983;29;9985;45;;;9974.5;0.0
2;19600;SNACKPACK_RASPBERRY;9955;20;9953;53;;;9971;20;9973;53;;;9963.0;0.0
2;19700;SNACKPACK_RASPBERRY;9948;25;9946;60;;;9965;25;9967;60;;;9956.5;0.0
2;19800;SNACKPACK_RASPBERRY;9941;31;9939;51;;;9957;31;9959;51;;;9949.0;0.0
2;19900;SNACKPACK_RASPBERRY;9931;27;9929;60;;;9948;27;9950;60;;;9939.5;0.0
2;20000;SNACKPACK_RASPBERRY;9923;32;9921;42;;;9939;32;9941;42;;;9931.0;0.0
2;20100;SNACKPACK_RASPBERRY;9929;40;9927;60;;;9946;40;9948;60;;;9937.5;0.0
2;20200;SNACKPACK_RASPBERRY;9937;37;9935;58;;;9954;37;9956;58;;;9945.5;0.0
2;20300;SNACKPACK_RASPBERRY;9940;20;9938;43;;;9957;20;9959;43;;;9948.5;0.0
2;20400;SNACKPACK_RASPBERRY;9944;38;9942;49;;;9961;38;9963;49;;;9952.5;0.0
2;20500;SNACKPACK_RASPBERRY;9952;37;9950;49;;;9969;37;9971;49;;;9960.5;0.0
2;20600;SNACKPACK_RASPBERRY;9951;37;9949;58;;;9968;37;9970;58;;;9959.5;0.0
2;20700;SNACKPACK_RASPBERRY;9965;34;9963;59;;;9982;34;9984;59;;;9973.5;0.0
2;20800;SNACKPACK_RASPBERRY;9961;26;9959;48;;;9978;26;9980;48;;;9969.5;0.0
2;20900;SNACKPACK_RASPBERRY;9964;22;9962;54;;;9981;22;9983;54;;;9972.5;0.0
2;21000;SNACKPACK_RASPBERRY;9960;21;9958;48;;;9977;21;9979;48;;;9968.5;0.0
2;21100;SNACKPACK_RASPBERRY;9960;36;9958;56;;;9977;36;9979;56;;;9968.5;0.0
2;21200;SNACKPACK_RASPBERRY;9955;39;9953;40;;;9972;39;9974;40;;;9963.5;0.0
2;21300;SNACKPACK_RASPBERRY;9961;22;9959;56;;;9978;22;9980;56;;;9969.5;0.0
2;21400;SNACKPACK_RASPBERRY;9961;23;9959;44;;;9978;23;9980;44;;;9969.5;0.0
2;21500;SNACKPACK_RASPBERRY;9956;32;9954;52;;;9973;32;9975;52;;;9964.5;0.0
2;21600;SNACKPACK_RASPBERRY;9953;24;9951;46;;;9970;24;9972;46;;;9961.5;0.0
2;21700;SNACKPACK_RASPBERRY;9945;35;9943;42;;;9962;35;9964;42;;;9953.5;0.0
2;21800;SNACKPACK_RASPBERRY;9933;37;9931;41;;;9950;37;9952;41;;;9941.5;0.0
2;21900;SNACKPACK_RASPBERRY;9934;35;9932;60;;;9951;35;9953;60;;;9942.5;0.0
2;22000;SNACKPACK_RASPBERRY;9932;33;9930;58;;;9949;33;9951;58;;;9940.5;0.0
2;22100;SNACKPACK_RASPBERRY;9944;31;9942;55;;;9961;31;9963;55;;;9952.5;0.0
2;22200;SNACKPACK_RASPBERRY;9952;20;9950;53;;;9969;20;9971;53;;;9960.5;0.0
2;22300;SNACKPACK_RASPBERRY;9957;32;9955;53;;;9974;32;9976;53;;;9965.5;0.0
2;22400;SNACKPACK_RASPBERRY;9962;28;9960;60;;;9979;28;9981;60;;;9970.5;0.0
2;22500;SNACKPACK_RASPBERRY;9968;21;9966;56;;;9985;21;9987;56;;;9976.5;0.0
2;22600;SNACKPACK_RASPBERRY;9971;34;9969;60;;;9988;34;9990;60;;;9979.5;0.0
2;22700;SNACKPACK_RASPBERRY;9985;20;9983;54;;;10002;20;10004;54;;;9993.5;0.0
2;22800;SNACKPACK_RASPBERRY;9988;29;9986;43;;;10005;29;10007;43;;;9996.5;0.0
2;22900;SNACKPACK_RASPBERRY;9988;35;9986;57;;;10005;35;10007;57;;;9996.5;0.0
2;23000;SNACKPACK_RASPBERRY;9982;30;9980;52;;;9999;30;10001;52;;;9990.5;0.0
2;23100;SNACKPACK_RASPBERRY;9977;40;9975;41;;;9994;40;9996;41;;;9985.5;0.0
2;23200;SNACKPACK_RASPBERRY;9993;21;9991;45;;;10010;21;10012;45;;;10001.5;0.0
2;23300;SNACKPACK_RASPBERRY;9991;34;9989;43;;;10008;34;10010;43;;;9999.5;0.0
2;23400;SNACKPACK_RASPBERRY;9989;40;9987;57;;;10006;40;10008;57;;;9997.5;0.0
2;23500;SNACKPACK_RASPBERRY;9994;40;9992;56;;;10011;40;10013;56;;;10002.5;0.0
2;23600;SNACKPACK_RASPBERRY;9981;37;9979;55;;;9998;37;10000;55;;;9989.5;0.0
2;23700;SNACKPACK_RASPBERRY;9981;34;9979;60;;;9998;34;10000;60;;;9989.5;0.0
2;23800;SNACKPACK_RASPBERRY;9993;26;9991;58;;;10010;26;10012;58;;;10001.5;0.0
2;23900;SNACKPACK_RASPBERRY;10001;33;9999;49;;;10018;33;10020;49;;;10009.5;0.0
2;24000;SNACKPACK_RASPBERRY;9995;37;9993;44;;;10012;37;10014;44;;;10003.5;0.0
2;24100;SNACKPACK_RASPBERRY;9993;34;9991;48;;;10010;34;10012;48;;;10001.5;0.0
2;24200;SNACKPACK_RASPBERRY;9992;32;9990;43;;;10009;32;10011;43;;;10000.5;0.0
2;24300;SNACKPACK_RASPBERRY;9989;26;9987;47;;;10006;26;10008;47;;;9997.5;0.0
2;24400;SNACKPACK_RASPBERRY;9982;31;9980;40;;;9999;31;10001;40;;;9990.5;0.0
2;24500;SNACKPACK_RASPBERRY;9978;34;9976;50;;;9995;34;9997;50;;;9986.5;0.0
2;24600;SNACKPACK_RASPBERRY;9983;37;9981;56;;;10000;37;10002;56;;;9991.5;0.0
2;24700;SNACKPACK_RASPBERRY;9964;27;9962;53;;;9981;27;9983;53;;;9972.5;0.0
2;24800;SNACKPACK_RASPBERRY;9957;20;9955;45;;;9974;20;9976;45;;;9965.5;0.0
2;24900;SNACKPACK_RASPBERRY;9956;35;9954;47;;;9973;35;9975;47;;;9964.5;0.0
2;25000;SNACKPACK_RASPBERRY;9943;24;9942;49;;;9960;24;9962;49;;;9951.5;0.0
2;25100;SNACKPACK_RASPBERRY;9948;37;9946;47;;;9965;37;9967;47;;;9956.5;0.0
2;25200;SNACKPACK_RASPBERRY;9950;39;9948;53;;;9967;39;9969;53;;;9958.5;0.0
2;25300;SNACKPACK_RASPBERRY;9938;24;9936;45;;;9955;24;9957;45;;;9946.5;0.0
2;25400;SNACKPACK_RASPBERRY;9941;28;9939;58;;;9958;28;9960;58;;;9949.5;0.0
2;25500;SNACKPACK_RASPBERRY;9949;23;9947;56;;;9966;23;9968;56;;;9957.5;0.0
2;25600;SNACKPACK_RASPBERRY;9949;33;9947;49;;;9965;33;9967;49;;;9957.0;0.0
2;25700;SNACKPACK_RASPBERRY;9942;28;9940;47;;;9959;28;9961;47;;;9950.5;0.0
2;25800;SNACKPACK_RASPBERRY;9947;28;9945;46;;;9964;28;9966;46;;;9955.5;0.0
2;25900;SNACKPACK_RASPBERRY;9945;36;9943;46;;;9962;36;9964;46;;;9953.5;0.0
2;26000;SNACKPACK_RASPBERRY;9944;32;9942;46;;;9961;32;9963;46;;;9952.5;0.0
2;26100;SNACKPACK_RASPBERRY;9936;32;9934;51;;;9953;32;9955;51;;;9944.5;0.0
2;26200;SNACKPACK_RASPBERRY;9926;35;9924;53;;;9943;35;9945;53;;;9934.5;0.0
2;26300;SNACKPACK_RASPBERRY;9944;40;9942;57;;;9960;40;9962;57;;;9952.0;0.0
2;26400;SNACKPACK_RASPBERRY;9936;27;9934;47;;;9953;27;9955;47;;;9944.5;0.0
2;26500;SNACKPACK_RASPBERRY;9916;39;9914;56;;;9933;39;9935;56;;;9924.5;0.0
2;26600;SNACKPACK_RASPBERRY;9913;36;9911;51;;;9930;36;9932;51;;;9921.5;0.0
2;26700;SNACKPACK_RASPBERRY;9920;31;9918;55;;;9937;31;9938;55;;;9928.5;0.0
2;26800;SNACKPACK_RASPBERRY;9919;28;9917;55;;;9936;28;9938;55;;;9927.5;0.0
2;26900;SNACKPACK_RASPBERRY;9927;36;9925;59;;;9944;36;9946;59;;;9935.5;0.0
2;27000;SNACKPACK_RASPBERRY;9934;39;9932;50;;;9951;39;9953;50;;;9942.5;0.0
2;27100;SNACKPACK_RASPBERRY;9933;27;9931;42;;;9950;27;9952;42;;;9941.5;0.0
2;27200;SNACKPACK_RASPBERRY;9937;20;9935;42;;;9954;20;9956;42;;;9945.5;0.0
2;27300;SNACKPACK_RASPBERRY;9938;21;9936;40;;;9955;21;9957;40;;;9946.5;0.0
2;27400;SNACKPACK_RASPBERRY;9937;31;9935;46;;;9954;31;9956;46;;;9945.5;0.0
2;27500;SNACKPACK_RASPBERRY;9941;34;9939;45;;;9958;34;9960;45;;;9949.5;0.0
2;27600;SNACKPACK_RASPBERRY;9949;31;9947;57;;;9966;31;9968;57;;;9957.5;0.0
2;27700;SNACKPACK_RASPBERRY;9958;39;9956;58;;;9975;39;9977;58;;;9966.5;0.0
2;27800;SNACKPACK_RASPBERRY;9942;30;9940;46;;;9959;30;9961;46;;;9950.5;0.0
2;27900;SNACKPACK_RASPBERRY;9942;33;9940;52;;;9959;33;9961;52;;;9950.5;0.0
2;28000;SNACKPACK_RASPBERRY;9939;38;9937;47;;;9956;38;9958;47;;;9947.5;0.0
2;28100;SNACKPACK_RASPBERRY;9924;37;9922;54;;;9941;37;9943;54;;;9932.5;0.0
2;28200;SNACKPACK_RASPBERRY;9905;34;9903;52;;;9922;34;9924;52;;;9913.5;0.0
2;28300;SNACKPACK_RASPBERRY;9891;28;9889;59;;;9908;28;9910;59;;;9899.5;0.0
2;28400;SNACKPACK_RASPBERRY;9895;35;9893;55;;;9911;35;9913;55;;;9903.0;0.0
2;28500;SNACKPACK_RASPBERRY;9895;23;9893;55;;;9912;23;9914;55;;;9903.5;0.0
2;28600;SNACKPACK_RASPBERRY;9907;20;9905;51;;;9924;20;9926;51;;;9915.5;0.0
2;28700;SNACKPACK_RASPBERRY;9901;29;9899;46;;;9918;29;9920;46;;;9909.5;0.0
2;28800;SNACKPACK_RASPBERRY;9889;38;9887;60;;;9906;38;9908;60;;;9897.5;0.0
2;28900;SNACKPACK_RASPBERRY;9891;40;9889;54;;;9907;40;9909;54;;;9899.0;0.0
2;29000;SNACKPACK_RASPBERRY;9904;36;9902;45;;;9921;36;9923;45;;;9912.5;0.0
2;29100;SNACKPACK_RASPBERRY;9904;22;9902;53;;;9920;22;9922;53;;;9912.0;0.0
2;29200;SNACKPACK_RASPBERRY;9910;26;9908;54;;;9918;4;9927;26;9929;54;9914.0;0.0
2;29300;SNACKPACK_RASPBERRY;9913;33;9911;45;;;9930;33;9932;45;;;9921.5;0.0
2;29400;SNACKPACK_RASPBERRY;9906;29;9904;52;;;9922;29;9924;52;;;9914.0;0.0
2;29500;SNACKPACK_RASPBERRY;9908;30;9906;42;;;9925;30;9927;42;;;9916.5;0.0
2;29600;SNACKPACK_RASPBERRY;9899;21;9897;41;;;9915;21;9917;41;;;9907.0;0.0
2;29700;SNACKPACK_RASPBERRY;9890;30;9888;58;;;9907;30;9909;58;;;9898.5;0.0
2;29800;SNACKPACK_RASPBERRY;9886;34;9884;45;;;9903;34;9905;45;;;9894.5;0.0
2;29900;SNACKPACK_RASPBERRY;9890;29;9888;49;;;9907;29;9909;49;;;9898.5;0.0
2;30000;SNACKPACK_RASPBERRY;9896;29;9894;57;;;9913;29;9915;57;;;9904.5;0.0
2;30100;SNACKPACK_RASPBERRY;9886;24;9884;50;;;9902;24;9904;50;;;9894.0;0.0
2;30200;SNACKPACK_RASPBERRY;9870;40;9868;56;;;9887;40;9889;56;;;9878.5;0.0
2;30300;SNACKPACK_RASPBERRY;9871;24;9869;45;;;9888;24;9890;45;;;9879.5;0.0
2;30400;SNACKPACK_RASPBERRY;9874;23;9872;45;;;9890;23;9892;45;;;9882.0;0.0
2;30500;SNACKPACK_RASPBERRY;9871;28;9869;44;;;9888;28;9890;44;;;9879.5;0.0
2;30600;SNACKPACK_RASPBERRY;9883;31;9881;47;;;9900;31;9902;47;;;9891.5;0.0
2;30700;SNACKPACK_RASPBERRY;9886;28;9884;58;;;9903;28;9905;58;;;9894.5;0.0
2;30800;SNACKPACK_RASPBERRY;9899;36;9897;40;;;9916;36;9918;40;;;9907.5;0.0
2;30900;SNACKPACK_RASPBERRY;9901;20;9899;43;;;9918;20;9920;43;;;9909.5;0.0
2;31000;SNACKPACK_RASPBERRY;9909;24;9907;43;;;9926;24;9928;43;;;9917.5;0.0
2;31100;SNACKPACK_RASPBERRY;9900;27;9898;42;;;9917;27;9919;42;;;9908.5;0.0
2;31200;SNACKPACK_RASPBERRY;9903;26;9901;52;;;9920;26;9922;52;;;9911.5;0.0
2;31300;SNACKPACK_RASPBERRY;9886;25;9884;49;;;9903;25;9905;49;;;9894.5;0.0
2;31400;SNACKPACK_RASPBERRY;9874;38;9872;58;;;9890;38;9892;58;;;9882.0;0.0
2;31500;SNACKPACK_RASPBERRY;9872;29;9870;51;;;9889;29;9891;51;;;9880.5;0.0
2;31600;SNACKPACK_RASPBERRY;9861;35;9859;58;;;9878;35;9880;58;;;9869.5;0.0
2;31700;SNACKPACK_RASPBERRY;9858;38;9856;55;;;9875;38;9877;55;;;9866.5;0.0
2;31800;SNACKPACK_RASPBERRY;9854;38;9852;51;;;9871;38;9873;51;;;9862.5;0.0
2;31900;SNACKPACK_RASPBERRY;9843;36;9841;49;;;9860;36;9862;49;;;9851.5;0.0
2;32000;SNACKPACK_RASPBERRY;9849;23;9847;43;;;9866;23;9868;43;;;9857.5;0.0
2;32100;SNACKPACK_RASPBERRY;9856;27;9854;57;;;9873;27;9875;57;;;9864.5;0.0
2;32200;SNACKPACK_RASPBERRY;9854;32;9852;47;;;9871;32;9873;47;;;9862.5;0.0
2;32300;SNACKPACK_RASPBERRY;9858;27;9856;50;;;9874;27;9876;50;;;9866.0;0.0
2;32400;SNACKPACK_RASPBERRY;9854;30;9853;41;;;9871;30;9873;41;;;9862.5;0.0
2;32500;SNACKPACK_RASPBERRY;9854;20;9852;43;;;9871;20;9873;43;;;9862.5;0.0
2;32600;SNACKPACK_RASPBERRY;9863;26;9861;42;;;9880;26;9882;42;;;9871.5;0.0
2;32700;SNACKPACK_RASPBERRY;9877;36;9875;58;;;9894;36;9896;58;;;9885.5;0.0
2;32800;SNACKPACK_RASPBERRY;9867;30;9865;51;;;9884;30;9886;51;;;9875.5;0.0
2;32900;SNACKPACK_RASPBERRY;9872;23;9870;51;;;9889;23;9891;51;;;9880.5;0.0
2;33000;SNACKPACK_RASPBERRY;9884;31;9882;60;;;9901;31;9903;60;;;9892.5;0.0
2;33100;SNACKPACK_RASPBERRY;9882;31;9880;60;;;9899;31;9901;60;;;9890.5;0.0
2;33200;SNACKPACK_RASPBERRY;9886;34;9884;59;;;9902;34;9904;59;;;9894.0;0.0
2;33300;SNACKPACK_RASPBERRY;9890;39;9888;47;;;9907;39;9909;47;;;9898.5;0.0
2;33400;SNACKPACK_RASPBERRY;9886;38;9884;40;;;9903;38;9905;40;;;9894.5;0.0
2;33500;SNACKPACK_RASPBERRY;9896;21;9894;58;;;9913;21;9915;58;;;9904.5;0.0
2;33600;SNACKPACK_RASPBERRY;9898;29;9896;57;;;9915;29;9917;57;;;9906.5;0.0
2;33700;SNACKPACK_RASPBERRY;9889;20;9887;49;;;9906;20;9908;49;;;9897.5;0.0
2;33800;SNACKPACK_RASPBERRY;9898;37;9896;42;;;9915;37;9917;42;;;9906.5;0.0
2;33900;SNACKPACK_RASPBERRY;9875;26;9873;58;;;9892;26;9894;58;;;9883.5;0.0
2;34000;SNACKPACK_RASPBERRY;9859;37;9857;51;;;9875;37;9877;51;;;9867.0;0.0
2;34100;SNACKPACK_RASPBERRY;9856;33;9854;57;;;9873;33;9875;57;;;9864.5;0.0
2;34200;SNACKPACK_RASPBERRY;9868;23;9866;55;;;9885;23;9887;55;;;9876.5;0.0
2;34300;SNACKPACK_RASPBERRY;9876;37;9874;42;;;9893;37;9895;42;;;9884.5;0.0
2;34400;SNACKPACK_RASPBERRY;9868;36;9866;56;;;9885;36;9887;56;;;9876.5;0.0
2;34500;SNACKPACK_RASPBERRY;9880;38;9878;57;;;9897;38;9899;57;;;9888.5;0.0
2;34600;SNACKPACK_RASPBERRY;9881;27;9879;45;;;9898;27;9900;45;;;9889.5;0.0
2;34700;SNACKPACK_RASPBERRY;9883;29;9881;41;;;9900;29;9902;41;;;9891.5;0.0
2;34800;SNACKPACK_RASPBERRY;9871;34;9869;56;;;9888;34;9890;56;;;9879.5;0.0
2;34900;SNACKPACK_RASPBERRY;9868;27;9866;48;;;9885;27;9887;48;;;9876.5;0.0
2;35000;SNACKPACK_RASPBERRY;9865;22;9864;41;;;9882;22;9884;41;;;9873.5;0.0
2;35100;SNACKPACK_RASPBERRY;9858;36;9856;54;;;9875;36;9877;54;;;9866.5;0.0
2;35200;SNACKPACK_RASPBERRY;9852;38;9850;52;;;9869;38;9871;52;;;9860.5;0.0
2;35300;SNACKPACK_RASPBERRY;9851;39;9849;43;;;9868;39;9870;43;;;9859.5;0.0
2;35400;SNACKPACK_RASPBERRY;9856;39;9854;44;;;9873;39;9875;44;;;9864.5;0.0
2;35500;SNACKPACK_RASPBERRY;9856;28;9854;47;;;9873;28;9875;47;;;9864.5;0.0
2;35600;SNACKPACK_RASPBERRY;9856;37;9854;60;;;9872;37;9874;60;;;9864.0;0.0
2;35700;SNACKPACK_RASPBERRY;9844;36;9842;57;;;9860;36;9862;57;;;9852.0;0.0
2;35800;SNACKPACK_RASPBERRY;9857;38;9855;41;;;9873;38;9875;41;;;9865.0;0.0
2;35900;SNACKPACK_RASPBERRY;9847;23;9845;47;;;9863;23;9865;47;;;9855.0;0.0
2;36000;SNACKPACK_RASPBERRY;9837;39;9835;58;;;9854;39;9856;58;;;9845.5;0.0
2;36100;SNACKPACK_RASPBERRY;9848;32;9847;58;;;9865;32;9867;58;;;9856.5;0.0
2;36200;SNACKPACK_RASPBERRY;9851;26;9849;43;;;9868;26;9870;43;;;9859.5;0.0
2;36300;SNACKPACK_RASPBERRY;9841;39;9839;57;;;9857;39;9859;57;;;9849.0;0.0
2;36400;SNACKPACK_RASPBERRY;9854;25;9852;58;;;9871;25;9873;58;;;9862.5;0.0
2;36500;SNACKPACK_RASPBERRY;9847;38;9845;56;;;9864;38;9866;56;;;9855.5;0.0
2;36600;SNACKPACK_RASPBERRY;9839;32;9837;56;;;9856;32;9858;56;;;9847.5;0.0
2;36700;SNACKPACK_RASPBERRY;9845;38;9843;59;;;9862;38;9864;59;;;9853.5;0.0
2;36800;SNACKPACK_RASPBERRY;9843;22;9841;57;;;9860;22;9862;57;;;9851.5;0.0
2;36900;SNACKPACK_RASPBERRY;9829;21;9827;43;;;9846;21;9848;43;;;9837.5;0.0
2;37000;SNACKPACK_RASPBERRY;9833;40;9831;48;;;9850;40;9852;48;;;9841.5;0.0
2;37100;SNACKPACK_RASPBERRY;9818;35;9816;41;;;9834;35;9836;41;;;9826.0;0.0
2;37200;SNACKPACK_RASPBERRY;9813;24;9811;43;;;9829;24;9831;43;;;9821.0;0.0
2;37300;SNACKPACK_RASPBERRY;9806;37;9804;51;;;9823;37;9825;51;;;9814.5;0.0
2;37400;SNACKPACK_RASPBERRY;9802;20;9800;50;;;9819;20;9821;50;;;9810.5;0.0
2;37500;SNACKPACK_RASPBERRY;9784;36;9782;51;;;9801;36;9803;51;;;9792.5;0.0
2;37600;SNACKPACK_RASPBERRY;9766;25;9764;42;;;9783;25;9785;42;;;9774.5;0.0
2;37700;SNACKPACK_RASPBERRY;9769;24;9767;44;;;9786;24;9788;44;;;9777.5;0.0
2;37800;SNACKPACK_RASPBERRY;9767;20;9765;50;;;9783;20;9785;50;;;9775.0;0.0
2;37900;SNACKPACK_RASPBERRY;9778;30;9776;56;;;9795;30;9797;56;;;9786.5;0.0
2;38000;SNACKPACK_RASPBERRY;9778;40;9776;48;;;9795;40;9797;48;;;9786.5;0.0
2;38100;SNACKPACK_RASPBERRY;9785;23;9783;45;;;9802;23;9804;45;;;9793.5;0.0
2;38200;SNACKPACK_RASPBERRY;9801;35;9799;43;;;9818;35;9820;43;;;9809.5;0.0
2;38300;SNACKPACK_RASPBERRY;9792;29;9790;55;;;9809;29;9811;55;;;9800.5;0.0
2;38400;SNACKPACK_RASPBERRY;9799;24;9797;50;;;9816;24;9818;50;;;9807.5;0.0
2;38500;SNACKPACK_RASPBERRY;9793;26;9791;55;;;9810;26;9812;55;;;9801.5;0.0
2;38600;SNACKPACK_RASPBERRY;9795;32;9793;50;;;9812;32;9814;50;;;9803.5;0.0
2;38700;SNACKPACK_RASPBERRY;9780;26;9778;48;;;9797;26;9799;48;;;9788.5;0.0
2;38800;SNACKPACK_RASPBERRY;9785;29;9783;59;;;9802;29;9803;59;;;9793.5;0.0
2;38900;SNACKPACK_RASPBERRY;9797;38;9796;45;;;9814;38;9816;45;;;9805.5;0.0
2;39000;SNACKPACK_RASPBERRY;9797;40;9795;52;;;9813;40;9815;52;;;9805.0;0.0
2;39100;SNACKPACK_RASPBERRY;9786;22;9784;49;;;9802;22;9804;49;;;9794.0;0.0
2;39200;SNACKPACK_RASPBERRY;9784;40;9782;41;;;9801;40;9803;41;;;9792.5;0.0
2;39300;SNACKPACK_RASPBERRY;9784;29;9782;59;;;9800;29;9802;59;;;9792.0;0.0
2;39400;SNACKPACK_RASPBERRY;9796;22;9794;40;;;9813;22;9815;40;;;9804.5;0.0
2;39500;SNACKPACK_RASPBERRY;9800;36;9798;52;;;9817;36;9819;52;;;9808.5;0.0
2;39600;SNACKPACK_RASPBERRY;9802;40;9800;47;;;9818;40;9820;47;;;9810.0;0.0
2;39700;SNACKPACK_RASPBERRY;9822;27;9820;58;;;9839;27;9841;58;;;9830.5;0.0
2;39800;SNACKPACK_RASPBERRY;9821;26;9819;47;;;9838;26;9840;47;;;9829.5;0.0
2;39900;SNACKPACK_RASPBERRY;9827;38;9825;53;;;9844;38;9846;53;;;9835.5;0.0
2;40000;SNACKPACK_RASPBERRY;9825;38;9823;45;;;9842;38;9844;45;;;9833.5;0.0
2;40100;SNACKPACK_RASPBERRY;9816;26;9815;51;;;9833;26;9835;51;;;9824.5;0.0
2;40200;SNACKPACK_RASPBERRY;9816;21;9814;42;;;9833;21;9835;42;;;9824.5;0.0
2;40300;SNACKPACK_RASPBERRY;9820;27;9818;42;;;9837;27;9839;42;;;9828.5;0.0
2;40400;SNACKPACK_RASPBERRY;9817;39;9815;59;;;9834;39;9836;59;;;9825.5;0.0
2;40500;SNACKPACK_RASPBERRY;9820;28;9818;41;;;9837;28;9838;41;;;9828.5;0.0
2;40600;SNACKPACK_RASPBERRY;9823;38;9821;48;;;9840;38;9842;48;;;9831.5;0.0
2;40700;SNACKPACK_RASPBERRY;9819;24;9817;57;;;9835;24;9837;57;;;9827.0;0.0
2;40800;SNACKPACK_RASPBERRY;9819;39;9817;51;;;9836;39;9838;51;;;9827.5;0.0
2;40900;SNACKPACK_RASPBERRY;9819;28;9817;42;;;9836;28;9838;42;;;9827.5;0.0
2;41000;SNACKPACK_RASPBERRY;9814;33;9812;50;;;9830;33;9832;50;;;9822.0;0.0
2;41100;SNACKPACK_RASPBERRY;9816;6;9808;28;9806;44;9825;28;9827;44;;;9820.5;0.0
2;41200;SNACKPACK_RASPBERRY;9815;23;9813;51;;;9832;23;9834;51;;;9823.5;0.0
2;41300;SNACKPACK_RASPBERRY;9815;25;9813;50;;;9832;25;9834;50;;;9823.5;0.0
2;41400;SNACKPACK_RASPBERRY;9817;30;9815;42;;;9833;30;9835;42;;;9825.0;0.0
2;41500;SNACKPACK_RASPBERRY;9824;29;9822;42;;;9840;29;9842;42;;;9832.0;0.0
2;41600;SNACKPACK_RASPBERRY;9830;22;9828;51;;;9847;22;9849;51;;;9838.5;0.0
2;41700;SNACKPACK_RASPBERRY;9855;27;9853;60;;;9872;27;9874;60;;;9863.5;0.0
2;41800;SNACKPACK_RASPBERRY;9866;30;9864;46;;;9883;30;9885;46;;;9874.5;0.0
2;41900;SNACKPACK_RASPBERRY;9873;30;9871;57;;;9889;30;9891;57;;;9881.0;0.0
2;42000;SNACKPACK_RASPBERRY;9877;22;9875;44;;;9893;22;9895;44;;;9885.0;0.0
2;42100;SNACKPACK_RASPBERRY;9874;36;9872;41;;;9890;36;9892;41;;;9882.0;0.0
2;42200;SNACKPACK_RASPBERRY;9884;39;9882;60;;;9901;39;9903;60;;;9892.5;0.0
2;42300;SNACKPACK_RASPBERRY;9885;21;9883;48;;;9902;21;9904;48;;;9893.5;0.0
2;42400;SNACKPACK_RASPBERRY;9887;23;9885;50;;;9904;23;9906;50;;;9895.5;0.0
2;42500;SNACKPACK_RASPBERRY;9879;40;9877;49;;;9896;40;9898;49;;;9887.5;0.0
2;42600;SNACKPACK_RASPBERRY;9869;35;9867;44;;;9886;35;9888;44;;;9877.5;0.0
2;42700;SNACKPACK_RASPBERRY;9864;24;9862;45;;;9881;24;9883;45;;;9872.5;0.0
2;42800;SNACKPACK_RASPBERRY;9865;34;9863;54;;;9881;34;9883;54;;;9873.0;0.0
2;42900;SNACKPACK_RASPBERRY;9872;20;9870;43;;;9888;20;9890;43;;;9880.0;0.0
2;43000;SNACKPACK_RASPBERRY;9884;22;9882;53;;;9901;22;9903;53;;;9892.5;0.0
2;43100;SNACKPACK_RASPBERRY;9890;25;9888;40;;;9907;25;9909;40;;;9898.5;0.0
2;43200;SNACKPACK_RASPBERRY;9898;34;9896;47;;;9915;34;9917;47;;;9906.5;0.0
2;43300;SNACKPACK_RASPBERRY;9893;32;9891;44;;;9910;32;9912;44;;;9901.5;0.0
2;43400;SNACKPACK_RASPBERRY;9893;31;9891;50;;;9910;31;9912;50;;;9901.5;0.0
2;43500;SNACKPACK_RASPBERRY;9909;31;9907;58;;;9926;31;9928;58;;;9917.5;0.0
2;43600;SNACKPACK_RASPBERRY;9906;31;9904;54;;;9923;31;9925;54;;;9914.5;0.0
2;43700;SNACKPACK_RASPBERRY;9922;37;9920;48;;;9939;37;9941;48;;;9930.5;0.0
2;43800;SNACKPACK_RASPBERRY;9910;32;9908;52;;;9927;32;9929;52;;;9918.5;0.0
2;43900;SNACKPACK_RASPBERRY;9909;22;9907;55;;;9926;22;9928;55;;;9917.5;0.0
2;44000;SNACKPACK_RASPBERRY;9898;38;9896;58;;;9906;4;9915;38;9917;58;9902.0;0.0
2;44100;SNACKPACK_RASPBERRY;9901;38;9899;42;;;9918;38;9920;42;;;9909.5;0.0
2;44200;SNACKPACK_RASPBERRY;9901;22;9899;42;;;9918;22;9920;42;;;9909.5;0.0
2;44300;SNACKPACK_RASPBERRY;9912;21;9910;40;;;9929;21;9931;40;;;9920.5;0.0
2;44400;SNACKPACK_RASPBERRY;9910;39;9908;57;;;9927;39;9929;57;;;9918.5;0.0
2;44500;SNACKPACK_RASPBERRY;9920;35;9918;47;;;9937;35;9939;47;;;9928.5;0.0
2;44600;SNACKPACK_RASPBERRY;9901;23;9899;40;;;9918;23;9919;40;;;9909.5;0.0
2;44700;SNACKPACK_RASPBERRY;9911;23;9909;51;;;9928;23;9930;51;;;9919.5;0.0
2;44800;SNACKPACK_RASPBERRY;9914;39;9912;51;;;9931;39;9933;51;;;9922.5;0.0
2;44900;SNACKPACK_RASPBERRY;9918;30;9916;54;;;9935;30;9937;54;;;9926.5;0.0
2;45000;SNACKPACK_RASPBERRY;9930;29;9928;41;;;9947;29;9949;41;;;9938.5;0.0
2;45100;SNACKPACK_RASPBERRY;9927;3;9919;20;9917;41;9936;20;9938;41;;;9931.5;0.0
2;45200;SNACKPACK_RASPBERRY;9921;22;9919;59;;;9938;22;9940;59;;;9929.5;0.0
2;45300;SNACKPACK_RASPBERRY;9918;32;9917;49;;;9935;32;9937;49;;;9926.5;0.0
2;45400;SNACKPACK_RASPBERRY;9923;25;9921;40;;;9940;25;9942;40;;;9931.5;0.0
2;45500;SNACKPACK_RASPBERRY;9921;31;9919;46;;;9938;31;9940;46;;;9929.5;0.0
2;45600;SNACKPACK_RASPBERRY;9928;39;9926;41;;;9945;39;9947;41;;;9936.5;0.0
2;45700;SNACKPACK_RASPBERRY;9923;38;9921;52;;;9940;38;9942;52;;;9931.5;0.0
2;45800;SNACKPACK_RASPBERRY;9905;35;9903;45;;;9922;35;9924;45;;;9913.5;0.0
2;45900;SNACKPACK_RASPBERRY;9898;32;9896;54;;;9915;32;9917;54;;;9906.5;0.0
2;46000;SNACKPACK_RASPBERRY;9882;33;9880;55;;;9899;33;9901;55;;;9890.5;0.0
2;46100;SNACKPACK_RASPBERRY;9882;20;9880;57;;;9899;20;9901;57;;;9890.5;0.0
2;46200;SNACKPACK_RASPBERRY;9879;21;9877;45;;;9896;21;9898;45;;;9887.5;0.0
2;46300;SNACKPACK_RASPBERRY;9880;37;9878;50;;;9897;37;9899;50;;;9888.5;0.0
2;46400;SNACKPACK_RASPBERRY;9878;35;9876;53;;;9895;35;9897;53;;;9886.5;0.0
2;46500;SNACKPACK_RASPBERRY;9867;26;9865;49;;;9884;26;9886;49;;;9875.5;0.0
2;46600;SNACKPACK_RASPBERRY;9859;36;9857;47;;;9876;36;9878;47;;;9867.5;0.0
2;46700;SNACKPACK_RASPBERRY;9875;25;9873;45;;;9892;25;9894;45;;;9883.5;0.0
2;46800;SNACKPACK_RASPBERRY;9874;31;9872;58;;;9891;31;9893;58;;;9882.5;0.0
2;46900;SNACKPACK_RASPBERRY;9878;29;9876;50;;;9895;29;9897;50;;;9886.5;0.0
2;47000;SNACKPACK_RASPBERRY;9881;36;9879;52;;;9898;36;9900;52;;;9889.5;0.0
2;47100;SNACKPACK_RASPBERRY;9886;26;9884;50;;;9903;26;9905;50;;;9894.5;0.0
2;47200;SNACKPACK_RASPBERRY;9890;20;9888;56;;;9907;20;9909;56;;;9898.5;0.0
2;47300;SNACKPACK_RASPBERRY;9893;33;9891;41;;;9910;33;9912;41;;;9901.5;0.0
2;47400;SNACKPACK_RASPBERRY;9886;27;9884;53;;;9903;27;9905;53;;;9894.5;0.0
2;47500;SNACKPACK_RASPBERRY;9895;25;9893;54;;;9912;25;9914;54;;;9903.5;0.0
2;47600;SNACKPACK_RASPBERRY;9894;33;9892;47;;;9911;33;9913;47;;;9902.5;0.0
2;47700;SNACKPACK_RASPBERRY;9887;21;9885;54;;;9904;21;9906;54;;;9895.5;0.0
2;47800;SNACKPACK_RASPBERRY;9878;32;9876;43;;;9894;32;9896;43;;;9886.0;0.0
2;47900;SNACKPACK_RASPBERRY;9889;35;9887;56;;;9906;35;9908;56;;;9897.5;0.0
2;48000;SNACKPACK_RASPBERRY;9878;36;9876;57;;;9895;36;9897;57;;;9886.5;0.0
2;48100;SNACKPACK_RASPBERRY;9879;23;9877;56;;;9896;23;9898;56;;;9887.5;0.0
2;48200;SNACKPACK_RASPBERRY;9883;33;9881;50;;;9900;33;9902;50;;;9891.5;0.0
2;48300;SNACKPACK_RASPBERRY;9871;40;9869;42;;;9888;40;9890;42;;;9879.5;0.0
2;48400;SNACKPACK_RASPBERRY;9863;26;9861;52;;;9880;26;9882;52;;;9871.5;0.0
2;48500;SNACKPACK_RASPBERRY;9845;39;9843;43;;;9862;39;9864;43;;;9853.5;0.0
2;48600;SNACKPACK_RASPBERRY;9834;34;9832;44;;;9851;34;9853;44;;;9842.5;0.0
2;48700;SNACKPACK_RASPBERRY;9838;29;9836;54;;;9855;29;9857;54;;;9846.5;0.0
2;48800;SNACKPACK_RASPBERRY;9834;38;9832;41;;;9851;38;9853;41;;;9842.5;0.0
2;48900;SNACKPACK_RASPBERRY;9833;27;9831;43;;;9850;27;9852;43;;;9841.5;0.0
2;49000;SNACKPACK_RASPBERRY;9837;26;9835;42;;;9853;26;9855;42;;;9845.0;0.0
2;49100;SNACKPACK_RASPBERRY;9844;21;9842;49;;;9860;21;9862;49;;;9852.0;0.0
2;49200;SNACKPACK_RASPBERRY;9836;32;9834;40;;;9853;32;9855;40;;;9844.5;0.0
2;49300;SNACKPACK_RASPBERRY;9827;38;9825;43;;;9844;38;9846;43;;;9835.5;0.0
2;49400;SNACKPACK_RASPBERRY;9828;31;9826;47;;;9836;4;9845;31;9847;47;9832.0;0.0
2;49500;SNACKPACK_RASPBERRY;9832;34;9830;53;;;9849;34;9851;53;;;9840.5;0.0
2;49600;SNACKPACK_RASPBERRY;9833;39;9831;44;;;9850;39;9852;44;;;9841.5;0.0
2;49700;SNACKPACK_RASPBERRY;9840;39;9838;42;;;9857;39;9859;42;;;9848.5;0.0
2;49800;SNACKPACK_RASPBERRY;9829;3;9821;23;9819;59;9838;23;9840;59;;;9833.5;0.0
2;49900;SNACKPACK_RASPBERRY;9821;22;9819;50;;;9838;22;9840;50;;;9829.5;0.0
2;50000;SNACKPACK_RASPBERRY;9807;31;9805;60;;;9824;31;9825;60;;;9815.5;0.0
2;50100;SNACKPACK_RASPBERRY;9813;36;9811;51;;;9829;36;9831;51;;;9821.0;0.0
2;50200;SNACKPACK_RASPBERRY;9816;39;9814;59;;;9832;39;9834;59;;;9824.0;0.0
2;50300;SNACKPACK_RASPBERRY;9818;29;9816;49;;;9834;29;9836;49;;;9826.0;0.0
2;50400;SNACKPACK_RASPBERRY;9822;20;9820;41;;;9839;20;9841;41;;;9830.5;0.0
2;50500;SNACKPACK_RASPBERRY;9818;35;9816;49;;;9834;35;9836;49;;;9826.0;0.0
2;50600;SNACKPACK_RASPBERRY;9816;24;9814;58;;;9832;24;9834;58;;;9824.0;0.0
2;50700;SNACKPACK_RASPBERRY;9808;35;9806;45;;;9824;35;9826;45;;;9816.0;0.0
2;50800;SNACKPACK_RASPBERRY;9818;32;9816;49;;;9835;32;9837;49;;;9826.5;0.0
2;50900;SNACKPACK_RASPBERRY;9827;23;9825;47;;;9843;23;9845;47;;;9835.0;0.0
2;51000;SNACKPACK_RASPBERRY;9829;29;9827;54;;;9846;29;9848;54;;;9837.5;0.0
2;51100;SNACKPACK_RASPBERRY;9825;20;9823;55;;;9842;20;9844;55;;;9833.5;0.0
2;51200;SNACKPACK_RASPBERRY;9827;29;9825;47;;;9844;29;9846;47;;;9835.5;0.0
2;51300;SNACKPACK_RASPBERRY;9820;38;9819;60;;;9837;38;9839;60;;;9828.5;0.0
2;51400;SNACKPACK_RASPBERRY;9829;33;9827;55;;;9846;33;9848;55;;;9837.5;0.0
2;51500;SNACKPACK_RASPBERRY;9816;24;9814;52;;;9833;24;9835;52;;;9824.5;0.0
2;51600;SNACKPACK_RASPBERRY;9822;28;9820;45;;;9839;28;9841;45;;;9830.5;0.0
2;51700;SNACKPACK_RASPBERRY;9820;39;9818;59;;;9837;39;9839;59;;;9828.5;0.0
2;51800;SNACKPACK_RASPBERRY;9805;32;9803;56;;;9821;32;9823;56;;;9813.0;0.0
2;51900;SNACKPACK_RASPBERRY;9809;20;9807;56;;;9826;20;9828;56;;;9817.5;0.0
2;52000;SNACKPACK_RASPBERRY;9810;38;9808;42;;;9827;38;9829;42;;;9818.5;0.0
2;52100;SNACKPACK_RASPBERRY;9811;23;9809;47;;;9828;23;9830;47;;;9819.5;0.0
2;52200;SNACKPACK_RASPBERRY;9809;21;9807;55;;;9825;21;9827;55;;;9817.0;0.0
2;52300;SNACKPACK_RASPBERRY;9817;28;9815;50;;;9834;28;9836;50;;;9825.5;0.0
2;52400;SNACKPACK_RASPBERRY;9831;40;9829;44;;;9848;40;9850;44;;;9839.5;0.0
2;52500;SNACKPACK_RASPBERRY;9825;40;9823;46;;;9842;40;9843;46;;;9833.5;0.0
2;52600;SNACKPACK_RASPBERRY;9822;36;9820;45;;;9839;36;9841;45;;;9830.5;0.0
2;52700;SNACKPACK_RASPBERRY;9822;37;9820;50;;;9839;37;9841;50;;;9830.5;0.0
2;52800;SNACKPACK_RASPBERRY;9815;20;9813;50;;;9831;20;9833;50;;;9823.0;0.0
2;52900;SNACKPACK_RASPBERRY;9822;35;9820;42;;;9839;35;9841;42;;;9830.5;0.0
2;53000;SNACKPACK_RASPBERRY;9827;27;9825;60;;;9843;27;9845;60;;;9835.0;0.0
2;53100;SNACKPACK_RASPBERRY;9838;28;9836;46;;;9855;28;9857;46;;;9846.5;0.0
2;53200;SNACKPACK_RASPBERRY;9847;23;9845;49;;;9863;23;9865;49;;;9855.0;0.0
2;53300;SNACKPACK_RASPBERRY;9855;33;9853;55;;;9872;33;9874;55;;;9863.5;0.0
2;53400;SNACKPACK_RASPBERRY;9847;34;9845;59;;;9864;34;9866;59;;;9855.5;0.0
2;53500;SNACKPACK_RASPBERRY;9840;21;9838;52;;;9857;21;9859;52;;;9848.5;0.0
2;53600;SNACKPACK_RASPBERRY;9848;40;9846;55;;;9865;40;9867;55;;;9856.5;0.0
2;53700;SNACKPACK_RASPBERRY;9849;35;9847;57;;;9866;35;9868;57;;;9857.5;0.0
2;53800;SNACKPACK_RASPBERRY;9840;37;9838;49;;;9857;37;9859;49;;;9848.5;0.0
2;53900;SNACKPACK_RASPBERRY;9847;31;9845;50;;;9863;31;9865;50;;;9855.0;0.0
2;54000;SNACKPACK_RASPBERRY;9830;22;9828;47;;;9847;22;9849;47;;;9838.5;0.0
2;54100;SNACKPACK_RASPBERRY;9817;28;9815;49;;;9833;28;9835;49;;;9825.0;0.0
2;54200;SNACKPACK_RASPBERRY;9812;25;9810;45;;;9829;25;9831;45;;;9820.5;0.0
2;54300;SNACKPACK_RASPBERRY;9796;39;9794;40;;;9813;39;9814;40;;;9804.5;0.0
2;54400;SNACKPACK_RASPBERRY;9792;36;9790;49;;;9809;36;9810;49;;;9800.5;0.0
2;54500;SNACKPACK_RASPBERRY;9795;36;9793;48;;;9812;36;9814;48;;;9803.5;0.0
2;54600;SNACKPACK_RASPBERRY;9800;26;9798;60;;;9817;26;9818;60;;;9808.5;0.0
2;54700;SNACKPACK_RASPBERRY;9797;32;9795;57;;;9813;32;9815;57;;;9805.0;0.0
2;54800;SNACKPACK_RASPBERRY;9797;36;9795;40;;;9814;36;9816;40;;;9805.5;0.0
2;54900;SNACKPACK_RASPBERRY;9793;38;9791;46;;;9810;38;9812;46;;;9801.5;0.0
2;55000;SNACKPACK_RASPBERRY;9795;24;9793;46;;;9812;24;9814;46;;;9803.5;0.0
2;55100;SNACKPACK_RASPBERRY;9801;30;9799;52;;;9817;30;9819;52;;;9809.0;0.0
2;55200;SNACKPACK_RASPBERRY;9786;20;9784;53;;;9802;20;9804;53;;;9794.0;0.0
2;55300;SNACKPACK_RASPBERRY;9772;38;9770;53;;;9788;38;9790;53;;;9780.0;0.0
2;55400;SNACKPACK_RASPBERRY;9760;23;9758;43;;;9777;23;9779;43;;;9768.5;0.0
2;55500;SNACKPACK_RASPBERRY;9748;35;9746;51;;;9764;35;9766;51;;;9756.0;0.0
2;55600;SNACKPACK_RASPBERRY;9759;21;9757;49;;;9775;21;9777;49;;;9767.0;0.0
2;55700;SNACKPACK_RASPBERRY;9756;26;9754;58;;;9773;26;9775;58;;;9764.5;0.0
2;55800;SNACKPACK_RASPBERRY;9750;26;9748;43;;;9767;26;9769;43;;;9758.5;0.0
2;55900;SNACKPACK_RASPBERRY;9739;32;9737;51;;;9756;32;9758;51;;;9747.5;0.0
2;56000;SNACKPACK_RASPBERRY;9738;23;9736;46;;;9754;23;9756;46;;;9746.0;0.0
2;56100;SNACKPACK_RASPBERRY;9729;32;9727;52;;;9746;32;9748;52;;;9737.5;0.0
2;56200;SNACKPACK_RASPBERRY;9731;29;9730;45;;;9748;29;9750;45;;;9739.5;0.0
2;56300;SNACKPACK_RASPBERRY;9724;21;9722;44;;;9740;21;9742;44;;;9732.0;0.0
2;56400;SNACKPACK_RASPBERRY;9717;36;9715;51;;;9733;36;9735;51;;;9725.0;0.0
2;56500;SNACKPACK_RASPBERRY;9716;34;9714;58;;;9732;34;9734;58;;;9724.0;0.0
2;56600;SNACKPACK_RASPBERRY;9717;22;9715;40;;;9734;22;9736;40;;;9725.5;0.0
2;56700;SNACKPACK_RASPBERRY;9712;26;9710;41;;;9729;26;9731;41;;;9720.5;0.0
2;56800;SNACKPACK_RASPBERRY;9721;39;9719;46;;;9737;39;9739;46;;;9729.0;0.0
2;56900;SNACKPACK_RASPBERRY;9730;29;9728;44;;;9746;29;9748;44;;;9738.0;0.0
2;57000;SNACKPACK_RASPBERRY;9733;24;9731;49;;;9749;24;9751;49;;;9741.0;0.0
2;57100;SNACKPACK_RASPBERRY;9743;29;9741;52;;;9760;29;9762;52;;;9751.5;0.0
2;57200;SNACKPACK_RASPBERRY;9749;31;9747;60;;;9766;31;9768;60;;;9757.5;0.0
2;57300;SNACKPACK_RASPBERRY;9752;20;9750;44;;;9768;20;9770;44;;;9760.0;0.0
2;57400;SNACKPACK_RASPBERRY;9745;22;9743;56;;;9762;22;9764;56;;;9753.5;0.0
2;57500;SNACKPACK_RASPBERRY;9753;28;9751;46;;;9769;28;9771;46;;;9761.0;0.0
2;57600;SNACKPACK_RASPBERRY;9746;37;9744;60;;;9763;37;9765;60;;;9754.5;0.0
2;57700;SNACKPACK_RASPBERRY;9722;20;9720;53;;;9739;20;9741;53;;;9730.5;0.0
2;57800;SNACKPACK_RASPBERRY;9733;34;9731;40;;;9750;34;9752;40;;;9741.5;0.0
2;57900;SNACKPACK_RASPBERRY;9714;27;9712;42;;;9731;27;9733;42;;;9722.5;0.0
2;58000;SNACKPACK_RASPBERRY;9724;38;9722;57;;;9741;38;9743;57;;;9732.5;0.0
2;58100;SNACKPACK_RASPBERRY;9713;32;9711;51;;;9730;32;9732;51;;;9721.5;0.0
2;58200;SNACKPACK_RASPBERRY;9704;28;9702;54;;;9721;28;9723;54;;;9712.5;0.0
2;58300;SNACKPACK_RASPBERRY;9708;6;9700;26;9698;59;9717;26;9719;59;;;9712.5;0.0
2;58400;SNACKPACK_RASPBERRY;9711;30;9709;57;;;9728;30;9730;57;;;9719.5;0.0
2;58500;SNACKPACK_RASPBERRY;9701;28;9699;59;;;9718;28;9720;59;;;9709.5;0.0
2;58600;SNACKPACK_RASPBERRY;9699;39;9697;42;;;9715;39;9717;42;;;9707.0;0.0
2;58700;SNACKPACK_RASPBERRY;9716;38;9714;45;;;9733;38;9735;45;;;9724.5;0.0
2;58800;SNACKPACK_RASPBERRY;9722;29;9720;47;;;9738;29;9740;47;;;9730.0;0.0
2;58900;SNACKPACK_RASPBERRY;9727;34;9725;52;;;9743;34;9745;52;;;9735.0;0.0
2;59000;SNACKPACK_RASPBERRY;9728;39;9727;58;;;9745;39;9747;58;;;9736.5;0.0
2;59100;SNACKPACK_RASPBERRY;9741;23;9740;43;;;9758;23;9760;43;;;9749.5;0.0
2;59200;SNACKPACK_RASPBERRY;9754;33;9752;42;;;9770;33;9772;42;;;9762.0;0.0
2;59300;SNACKPACK_RASPBERRY;9756;33;9754;52;;;9773;33;9775;52;;;9764.5;0.0
2;59400;SNACKPACK_RASPBERRY;9759;34;9757;46;;;9775;34;9777;46;;;9767.0;0.0
2;59500;SNACKPACK_RASPBERRY;9762;32;9760;47;;;9778;32;9780;47;;;9770.0;0.0
2;59600;SNACKPACK_RASPBERRY;9766;31;9764;54;;;9783;31;9785;54;;;9774.5;0.0
2;59700;SNACKPACK_RASPBERRY;9767;29;9765;44;;;9783;29;9785;44;;;9775.0;0.0
2;59800;SNACKPACK_RASPBERRY;9769;38;9767;40;;;9786;38;9788;40;;;9777.5;0.0
2;59900;SNACKPACK_RASPBERRY;9774;28;9772;56;;;9790;28;9792;56;;;9782.0;0.0
2;60000;SNACKPACK_RASPBERRY;9774;33;9772;46;;;9791;33;9793;46;;;9782.5;0.0
2;60100;SNACKPACK_RASPBERRY;9780;28;9778;54;;;9797;28;9799;54;;;9788.5;0.0
2;60200;SNACKPACK_RASPBERRY;9766;36;9764;44;;;9783;36;9785;44;;;9774.5;0.0
2;60300;SNACKPACK_RASPBERRY;9760;21;9758;43;;;9777;21;9779;43;;;9768.5;0.0
2;60400;SNACKPACK_RASPBERRY;9746;26;9744;47;;;9763;26;9765;47;;;9754.5;0.0
2;60500;SNACKPACK_RASPBERRY;9751;31;9749;51;;;9768;31;9770;51;;;9759.5;0.0
2;60600;SNACKPACK_RASPBERRY;9757;21;9755;46;;;9774;21;9776;46;;;9765.5;0.0
2;60700;SNACKPACK_RASPBERRY;9770;5;9762;22;9760;42;9779;22;9781;42;;;9774.5;0.0
2;60800;SNACKPACK_RASPBERRY;9762;38;9760;56;;;9779;38;9781;56;;;9770.5;0.0
2;60900;SNACKPACK_RASPBERRY;9756;22;9754;53;;;9772;22;9774;53;;;9764.0;0.0
2;61000;SNACKPACK_RASPBERRY;9760;33;9758;44;;;9776;33;9778;44;;;9768.0;0.0
2;61100;SNACKPACK_RASPBERRY;9750;33;9748;55;;;9766;33;9768;55;;;9758.0;0.0
2;61200;SNACKPACK_RASPBERRY;9749;28;9747;50;;;9766;28;9768;50;;;9757.5;0.0
2;61300;SNACKPACK_RASPBERRY;9749;39;9747;47;;;9765;39;9767;47;;;9757.0;0.0
2;61400;SNACKPACK_RASPBERRY;9752;20;9750;46;;;9768;20;9770;46;;;9760.0;0.0
2;61500;SNACKPACK_RASPBERRY;9746;24;9744;50;;;9763;24;9764;50;;;9754.5;0.0
2;61600;SNACKPACK_RASPBERRY;9746;28;9744;54;;;9762;28;9764;54;;;9754.0;0.0
2;61700;SNACKPACK_RASPBERRY;9759;37;9757;56;;;9776;37;9778;56;;;9767.5;0.0
2;61800;SNACKPACK_RASPBERRY;9762;25;9760;55;;;9779;25;9780;55;;;9770.5;0.0
2;61900;SNACKPACK_RASPBERRY;9754;30;9752;42;;;9770;30;9772;42;;;9762.0;0.0
2;62000;SNACKPACK_RASPBERRY;9742;30;9740;52;;;9758;30;9760;52;;;9750.0;0.0
2;62100;SNACKPACK_RASPBERRY;9741;33;9739;46;;;9757;33;9759;46;;;9749.0;0.0
2;62200;SNACKPACK_RASPBERRY;9747;34;9745;42;;;9763;34;9765;42;;;9755.0;0.0
2;62300;SNACKPACK_RASPBERRY;9746;36;9744;58;;;9763;36;9765;58;;;9754.5;0.0
2;62400;SNACKPACK_RASPBERRY;9745;34;9743;53;;;9761;34;9763;53;;;9753.0;0.0
2;62500;SNACKPACK_RASPBERRY;9739;39;9737;54;;;9755;39;9757;54;;;9747.0;0.0
2;62600;SNACKPACK_RASPBERRY;9731;22;9729;50;;;9747;22;9749;50;;;9739.0;0.0
2;62700;SNACKPACK_RASPBERRY;9736;38;9735;43;;;9753;38;9755;43;;;9744.5;0.0
2;62800;SNACKPACK_RASPBERRY;9739;40;9737;49;;;9755;40;9757;49;;;9747.0;0.0
2;62900;SNACKPACK_RASPBERRY;9750;32;9748;47;;;9767;32;9769;47;;;9758.5;0.0
2;63000;SNACKPACK_RASPBERRY;9751;26;9749;46;;;9768;26;9770;46;;;9759.5;0.0
2;63100;SNACKPACK_RASPBERRY;9753;36;9751;50;;;9770;36;9772;50;;;9761.5;0.0
2;63200;SNACKPACK_RASPBERRY;9767;26;9765;55;;;9784;26;9786;55;;;9775.5;0.0
2;63300;SNACKPACK_RASPBERRY;9765;27;9763;59;;;9782;27;9784;59;;;9773.5;0.0
2;63400;SNACKPACK_RASPBERRY;9781;23;9779;52;;;9798;23;9800;52;;;9789.5;0.0
2;63500;SNACKPACK_RASPBERRY;9780;20;9778;59;;;9797;20;9799;59;;;9788.5;0.0
2;63600;SNACKPACK_RASPBERRY;9787;35;9785;49;;;9804;35;9806;49;;;9795.5;0.0
2;63700;SNACKPACK_RASPBERRY;9804;32;9802;52;;;9821;32;9823;52;;;9812.5;0.0
2;63800;SNACKPACK_RASPBERRY;9820;34;9818;57;;;9837;34;9839;57;;;9828.5;0.0
2;63900;SNACKPACK_RASPBERRY;9816;27;9814;54;;;9832;27;9834;54;;;9824.0;0.0
2;64000;SNACKPACK_RASPBERRY;9818;36;9816;56;;;9834;36;9836;56;;;9826.0;0.0
2;64100;SNACKPACK_RASPBERRY;9817;23;9815;57;;;9833;23;9835;57;;;9825.0;0.0
2;64200;SNACKPACK_RASPBERRY;9808;23;9806;46;;;9824;23;9826;46;;;9816.0;0.0
2;64300;SNACKPACK_RASPBERRY;9812;40;9810;59;;;9829;40;9831;59;;;9820.5;0.0
2;64400;SNACKPACK_RASPBERRY;9810;34;9808;52;;;9826;34;9828;52;;;9818.0;0.0
2;64500;SNACKPACK_RASPBERRY;9801;26;9799;58;;;9818;26;9820;58;;;9809.5;0.0
2;64600;SNACKPACK_RASPBERRY;9811;22;9809;51;;;9828;22;9830;51;;;9819.5;0.0
2;64700;SNACKPACK_RASPBERRY;9811;35;9809;44;;;9827;35;9829;44;;;9819.0;0.0
2;64800;SNACKPACK_RASPBERRY;9815;37;9813;45;;;9832;37;9834;45;;;9823.5;0.0
2;64900;SNACKPACK_RASPBERRY;9828;26;9826;59;;;9845;26;9847;59;;;9836.5;0.0
2;65000;SNACKPACK_RASPBERRY;9833;23;9831;55;;;9850;23;9852;55;;;9841.5;0.0
2;65100;SNACKPACK_RASPBERRY;9838;21;9836;51;;;9854;21;9856;51;;;9846.0;0.0
2;65200;SNACKPACK_RASPBERRY;9848;35;9846;54;;;9865;35;9867;54;;;9856.5;0.0
2;65300;SNACKPACK_RASPBERRY;9854;24;9852;56;;;9871;24;9873;56;;;9862.5;0.0
2;65400;SNACKPACK_RASPBERRY;9851;21;9849;58;;;9868;21;9870;58;;;9859.5;0.0
2;65500;SNACKPACK_RASPBERRY;9835;23;9833;41;;;9852;23;9854;41;;;9843.5;0.0
2;65600;SNACKPACK_RASPBERRY;9838;31;9836;42;;;9855;31;9857;42;;;9846.5;0.0
2;65700;SNACKPACK_RASPBERRY;9834;30;9832;44;;;9851;30;9853;44;;;9842.5;0.0
2;65800;SNACKPACK_RASPBERRY;9844;35;9842;41;;;9860;35;9862;41;;;9852.0;0.0
2;65900;SNACKPACK_RASPBERRY;9843;23;9841;51;;;9860;23;9862;51;;;9851.5;0.0
2;66000;SNACKPACK_RASPBERRY;9838;20;9836;45;;;9854;20;9856;45;;;9846.0;0.0
2;66100;SNACKPACK_RASPBERRY;9846;29;9844;55;;;9863;29;9865;55;;;9854.5;0.0
2;66200;SNACKPACK_RASPBERRY;9836;25;9834;56;;;9853;25;9855;56;;;9844.5;0.0
2;66300;SNACKPACK_RASPBERRY;9838;36;9836;52;;;9855;36;9857;52;;;9846.5;0.0
2;66400;SNACKPACK_RASPBERRY;9834;28;9832;49;;;9850;28;9852;49;;;9842.0;0.0
2;66500;SNACKPACK_RASPBERRY;9833;39;9831;48;;;9849;39;9851;48;;;9841.0;0.0
2;66600;SNACKPACK_RASPBERRY;9847;35;9845;58;;;9863;35;9865;58;;;9855.0;0.0
2;66700;SNACKPACK_RASPBERRY;9843;40;9841;58;;;9860;40;9862;58;;;9851.5;0.0
2;66800;SNACKPACK_RASPBERRY;9840;36;9838;44;;;9857;36;9859;44;;;9848.5;0.0
2;66900;SNACKPACK_RASPBERRY;9839;26;9837;54;;;9856;26;9858;54;;;9847.5;0.0
2;67000;SNACKPACK_RASPBERRY;9844;38;9842;42;;;9861;38;9863;42;;;9852.5;0.0
2;67100;SNACKPACK_RASPBERRY;9848;25;9846;48;;;9865;25;9867;48;;;9856.5;0.0
2;67200;SNACKPACK_RASPBERRY;9858;35;9856;40;;;9875;35;9877;40;;;9866.5;0.0
2;67300;SNACKPACK_RASPBERRY;9857;26;9855;47;;;9873;26;9875;47;;;9865.0;0.0
2;67400;SNACKPACK_RASPBERRY;9866;21;9864;54;;;9883;21;9885;54;;;9874.5;0.0
2;67500;SNACKPACK_RASPBERRY;9864;23;9862;42;;;9880;23;9882;42;;;9872.0;0.0
2;67600;SNACKPACK_RASPBERRY;9868;31;9866;44;;;9885;31;9887;44;;;9876.5;0.0
2;67700;SNACKPACK_RASPBERRY;9860;21;9858;54;;;9877;21;9879;54;;;9868.5;0.0
2;67800;SNACKPACK_RASPBERRY;9866;28;9864;50;;;9883;28;9885;50;;;9874.5;0.0
2;67900;SNACKPACK_RASPBERRY;9872;33;9870;54;;;9889;33;9891;54;;;9880.5;0.0
2;68000;SNACKPACK_RASPBERRY;9866;21;9864;41;;;9883;21;9885;41;;;9874.5;0.0
2;68100;SNACKPACK_RASPBERRY;9847;35;9845;41;;;9864;35;9866;41;;;9855.5;0.0
2;68200;SNACKPACK_RASPBERRY;9857;24;9855;40;;;9874;24;9876;40;;;9865.5;0.0
2;68300;SNACKPACK_RASPBERRY;9868;24;9866;42;;;9885;24;9887;42;;;9876.5;0.0
2;68400;SNACKPACK_RASPBERRY;9871;39;9869;51;;;9888;39;9890;51;;;9879.5;0.0
2;68500;SNACKPACK_RASPBERRY;9861;29;9859;49;;;9878;29;9880;49;;;9869.5;0.0
2;68600;SNACKPACK_RASPBERRY;9851;33;9849;53;;;9867;33;9869;53;;;9859.0;0.0
2;68700;SNACKPACK_RASPBERRY;9845;39;9843;51;;;9862;39;9864;51;;;9853.5;0.0
2;68800;SNACKPACK_RASPBERRY;9837;38;9835;40;;;9854;38;9856;40;;;9845.5;0.0
2;68900;SNACKPACK_RASPBERRY;9836;39;9834;58;;;9852;39;9854;58;;;9844.0;0.0
2;69000;SNACKPACK_RASPBERRY;9837;38;9835;41;;;9853;38;9855;41;;;9845.0;0.0
2;69100;SNACKPACK_RASPBERRY;9851;21;9849;44;;;9868;21;9870;44;;;9859.5;0.0
2;69200;SNACKPACK_RASPBERRY;9857;40;9855;58;;;9874;40;9876;58;;;9865.5;0.0
2;69300;SNACKPACK_RASPBERRY;9864;21;9862;53;;;9881;21;9883;53;;;9872.5;0.0
2;69400;SNACKPACK_RASPBERRY;9862;24;9860;60;;;9879;24;9881;60;;;9870.5;0.0
2;69500;SNACKPACK_RASPBERRY;9871;26;9869;59;;;9888;26;9889;59;;;9879.5;0.0
2;69600;SNACKPACK_RASPBERRY;9860;30;9858;42;;;9877;30;9879;42;;;9868.5;0.0
2;69700;SNACKPACK_RASPBERRY;9859;34;9857;57;;;9876;34;9878;57;;;9867.5;0.0
2;69800;SNACKPACK_RASPBERRY;9854;23;9852;51;;;9871;23;9873;51;;;9862.5;0.0
2;69900;SNACKPACK_RASPBERRY;9867;30;9865;40;;;9884;30;9886;40;;;9875.5;0.0
2;70000;SNACKPACK_RASPBERRY;9886;29;9884;55;;;9903;29;9905;55;;;9894.5;0.0
2;70100;SNACKPACK_RASPBERRY;9887;21;9885;52;;;9904;21;9906;52;;;9895.5;0.0
2;70200;SNACKPACK_RASPBERRY;9895;32;9893;56;;;9912;32;9914;56;;;9903.5;0.0
2;70300;SNACKPACK_RASPBERRY;9902;24;9900;41;;;9919;24;9921;41;;;9910.5;0.0
2;70400;SNACKPACK_RASPBERRY;9909;20;9908;52;;;9926;20;9928;52;;;9917.5;0.0
2;70500;SNACKPACK_RASPBERRY;9900;32;9898;54;;;9917;32;9919;54;;;9908.5;0.0
2;70600;SNACKPACK_RASPBERRY;9907;20;9905;41;;;9924;20;9926;41;;;9915.5;0.0
2;70700;SNACKPACK_RASPBERRY;9909;34;9907;50;;;9926;34;9928;50;;;9917.5;0.0
2;70800;SNACKPACK_RASPBERRY;9918;26;9916;40;;;9935;26;9937;40;;;9926.5;0.0
2;70900;SNACKPACK_RASPBERRY;9916;2;9908;24;9906;45;9925;24;9926;45;;;9920.5;0.0
2;71000;SNACKPACK_RASPBERRY;9907;21;9905;47;;;9924;21;9926;47;;;9915.5;0.0
2;71100;SNACKPACK_RASPBERRY;9903;40;9901;42;;;9920;40;9922;42;;;9911.5;0.0
2;71200;SNACKPACK_RASPBERRY;9913;30;9911;52;;;9930;30;9932;52;;;9921.5;0.0
2;71300;SNACKPACK_RASPBERRY;9907;22;9905;49;;;9924;22;9926;49;;;9915.5;0.0
2;71400;SNACKPACK_RASPBERRY;9920;29;9918;54;;;9937;29;9939;54;;;9928.5;0.0
2;71500;SNACKPACK_RASPBERRY;9914;31;9912;51;;;9931;31;9933;51;;;9922.5;0.0
2;71600;SNACKPACK_RASPBERRY;9918;39;9916;43;;;9934;39;9936;43;;;9926.0;0.0
2;71700;SNACKPACK_RASPBERRY;9921;29;9919;52;;;9938;29;9940;52;;;9929.5;0.0
2;71800;SNACKPACK_RASPBERRY;9914;26;9912;56;;;9922;5;9931;26;9933;56;9918.0;0.0
2;71900;SNACKPACK_RASPBERRY;9904;24;9902;58;;;9921;24;9923;58;;;9912.5;0.0
2;72000;SNACKPACK_RASPBERRY;9914;33;9912;57;;;9931;33;9933;57;;;9922.5;0.0
2;72100;SNACKPACK_RASPBERRY;9900;34;9898;44;;;9917;34;9919;44;;;9908.5;0.0
2;72200;SNACKPACK_RASPBERRY;9909;22;9907;57;;;9926;22;9928;57;;;9917.5;0.0
2;72300;SNACKPACK_RASPBERRY;9908;36;9906;48;;;9925;36;9927;48;;;9916.5;0.0
2;72400;SNACKPACK_RASPBERRY;9911;30;9909;51;;;9928;30;9930;51;;;9919.5;0.0
2;72500;SNACKPACK_RASPBERRY;9907;25;9905;48;;;9924;25;9926;48;;;9915.5;0.0
2;72600;SNACKPACK_RASPBERRY;9903;30;9901;47;;;9920;30;9922;47;;;9911.5;0.0
2;72700;SNACKPACK_RASPBERRY;9913;3;9905;34;9903;43;9922;34;9924;43;;;9917.5;0.0
2;72800;SNACKPACK_RASPBERRY;9895;30;9893;55;;;9912;30;9914;55;;;9903.5;0.0
2;72900;SNACKPACK_RASPBERRY;9903;22;9901;49;;;9920;22;9922;49;;;9911.5;0.0
2;73000;SNACKPACK_RASPBERRY;9910;28;9908;56;;;9927;28;9929;56;;;9918.5;0.0
2;73100;SNACKPACK_RASPBERRY;9903;34;9901;56;;;9920;34;9922;56;;;9911.5;0.0
2;73200;SNACKPACK_RASPBERRY;9904;38;9902;44;;;9920;38;9922;44;;;9912.0;0.0
2;73300;SNACKPACK_RASPBERRY;9908;30;9906;45;;;9924;30;9926;45;;;9916.0;0.0
2;73400;SNACKPACK_RASPBERRY;9899;30;9897;48;;;9916;30;9918;48;;;9907.5;0.0
2;73500;SNACKPACK_RASPBERRY;9919;24;9917;42;;;9936;24;9938;42;;;9927.5;0.0
2;73600;SNACKPACK_RASPBERRY;9912;38;9910;53;;;9929;38;9931;53;;;9920.5;0.0
2;73700;SNACKPACK_RASPBERRY;9910;29;9908;56;;;9927;29;9929;56;;;9918.5;0.0
2;73800;SNACKPACK_RASPBERRY;9905;23;9903;49;;;9922;23;9924;49;;;9913.5;0.0
2;73900;SNACKPACK_RASPBERRY;9919;33;9917;54;;;9936;33;9938;54;;;9927.5;0.0
2;74000;SNACKPACK_RASPBERRY;9909;33;9907;56;;;9926;33;9928;56;;;9917.5;0.0
2;74100;SNACKPACK_RASPBERRY;9914;22;9912;45;;;9931;22;9933;45;;;9922.5;0.0
2;74200;SNACKPACK_RASPBERRY;9923;31;9921;50;;;9940;31;9942;50;;;9931.5;0.0
2;74300;SNACKPACK_RASPBERRY;9929;35;9927;45;;;9946;35;9948;45;;;9937.5;0.0
2;74400;SNACKPACK_RASPBERRY;9917;22;9915;43;;;9934;22;9936;43;;;9925.5;0.0
2;74500;SNACKPACK_RASPBERRY;9899;35;9897;50;;;9916;35;9918;50;;;9907.5;0.0
2;74600;SNACKPACK_RASPBERRY;9901;24;9899;55;;;9917;24;9919;55;;;9909.0;0.0
2;74700;SNACKPACK_RASPBERRY;9897;32;9895;58;;;9914;32;9916;58;;;9905.5;0.0
2;74800;SNACKPACK_RASPBERRY;9904;30;9902;43;;;9921;30;9923;43;;;9912.5;0.0
2;74900;SNACKPACK_RASPBERRY;9893;29;9891;60;;;9910;29;9912;60;;;9901.5;0.0
2;75000;SNACKPACK_RASPBERRY;9895;38;9893;41;;;9912;38;9914;41;;;9903.5;0.0
2;75100;SNACKPACK_RASPBERRY;9907;23;9905;48;;;9924;23;9926;48;;;9915.5;0.0
2;75200;SNACKPACK_RASPBERRY;9899;25;9897;58;;;9916;25;9918;58;;;9907.5;0.0
2;75300;SNACKPACK_RASPBERRY;9887;25;9885;52;;;9904;25;9906;52;;;9895.5;0.0
2;75400;SNACKPACK_RASPBERRY;9876;30;9874;44;;;9893;30;9895;44;;;9884.5;0.0
2;75500;SNACKPACK_RASPBERRY;9871;38;9869;54;;;9888;38;9890;54;;;9879.5;0.0
2;75600;SNACKPACK_RASPBERRY;9886;36;9884;50;;;9902;36;9904;50;;;9894.0;0.0
2;75700;SNACKPACK_RASPBERRY;9877;27;9875;45;;;9894;27;9896;45;;;9885.5;0.0
2;75800;SNACKPACK_RASPBERRY;9884;34;9882;42;;;9901;34;9903;42;;;9892.5;0.0
2;75900;SNACKPACK_RASPBERRY;9892;29;9890;42;;;9909;29;9911;42;;;9900.5;0.0
2;76000;SNACKPACK_RASPBERRY;9890;25;9888;48;;;9907;25;9909;48;;;9898.5;0.0
2;76100;SNACKPACK_RASPBERRY;9895;21;9893;40;;;9912;21;9914;40;;;9903.5;0.0
2;76200;SNACKPACK_RASPBERRY;9899;38;9897;42;;;9916;38;9918;42;;;9907.5;0.0
2;76300;SNACKPACK_RASPBERRY;9905;28;9903;59;;;9922;28;9924;59;;;9913.5;0.0
2;76400;SNACKPACK_RASPBERRY;9906;32;9904;50;;;9922;32;9924;50;;;9914.0;0.0
2;76500;SNACKPACK_RASPBERRY;9909;20;9907;49;;;9926;20;9928;49;;;9917.5;0.0
2;76600;SNACKPACK_RASPBERRY;9918;37;9916;51;;;9935;37;9937;51;;;9926.5;0.0
2;76700;SNACKPACK_RASPBERRY;9920;26;9918;60;;;9937;26;9939;60;;;9928.5;0.0
2;76800;SNACKPACK_RASPBERRY;9927;24;9925;59;;;9944;24;9946;59;;;9935.5;0.0
2;76900;SNACKPACK_RASPBERRY;9935;27;9933;50;;;9952;27;9954;50;;;9943.5;0.0
2;77000;SNACKPACK_RASPBERRY;9949;28;9947;58;;;9966;28;9968;58;;;9957.5;0.0
2;77100;SNACKPACK_RASPBERRY;9960;20;9958;41;;;9976;20;9978;41;;;9968.0;0.0
2;77200;SNACKPACK_RASPBERRY;9950;29;9948;52;;;9967;29;9969;52;;;9958.5;0.0
2;77300;SNACKPACK_RASPBERRY;9958;27;9956;51;;;9974;27;9976;51;;;9966.0;0.0
2;77400;SNACKPACK_RASPBERRY;9961;20;9959;59;;;9978;20;9980;59;;;9969.5;0.0
2;77500;SNACKPACK_RASPBERRY;9978;20;9976;41;;;9995;20;9997;41;;;9986.5;0.0
2;77600;SNACKPACK_RASPBERRY;9971;29;9969;49;;;9988;29;9990;49;;;9979.5;0.0
2;77700;SNACKPACK_RASPBERRY;9969;22;9967;49;;;9985;22;9987;49;;;9977.0;0.0
2;77800;SNACKPACK_RASPBERRY;9966;31;9964;56;;;9983;31;9985;56;;;9974.5;0.0
2;77900;SNACKPACK_RASPBERRY;9955;20;9953;42;;;9972;20;9974;42;;;9963.5;0.0
2;78000;SNACKPACK_RASPBERRY;9955;32;9953;44;;;9972;32;9974;44;;;9963.5;0.0
2;78100;SNACKPACK_RASPBERRY;9968;33;9966;56;;;9985;33;9987;56;;;9976.5;0.0
2;78200;SNACKPACK_RASPBERRY;9971;23;9969;49;;;9988;23;9990;49;;;9979.5;0.0
2;78300;SNACKPACK_RASPBERRY;9978;37;9976;52;;;9995;37;9997;52;;;9986.5;0.0
2;78400;SNACKPACK_RASPBERRY;9975;37;9973;50;;;9992;37;9994;50;;;9983.5;0.0
2;78500;SNACKPACK_RASPBERRY;9971;22;9969;56;;;9988;22;9990;56;;;9979.5;0.0
2;78600;SNACKPACK_RASPBERRY;9981;30;9979;44;;;9998;30;10000;44;;;9989.5;0.0
2;78700;SNACKPACK_RASPBERRY;9989;21;9987;50;;;9997;3;10006;21;10008;50;9993.0;0.0
2;78800;SNACKPACK_RASPBERRY;9978;25;9976;44;;;9995;25;9997;44;;;9986.5;0.0
2;78900;SNACKPACK_RASPBERRY;9966;35;9964;52;;;9983;35;9985;52;;;9974.5;0.0
2;79000;SNACKPACK_RASPBERRY;9972;29;9970;51;;;9989;29;9991;51;;;9980.5;0.0
2;79100;SNACKPACK_RASPBERRY;9969;31;9967;59;;;9986;31;9988;59;;;9977.5;0.0
2;79200;SNACKPACK_RASPBERRY;9970;33;9968;48;;;9987;33;9989;48;;;9978.5;0.0
2;79300;SNACKPACK_RASPBERRY;9982;23;9980;55;;;9999;23;10001;55;;;9990.5;0.0
2;79400;SNACKPACK_RASPBERRY;9974;39;9972;47;;;9991;39;9992;47;;;9982.5;0.0
2;79500;SNACKPACK_RASPBERRY;9982;40;9980;56;;;9999;40;10001;56;;;9990.5;0.0
2;79600;SNACKPACK_RASPBERRY;9994;24;9992;52;;;10011;24;10013;52;;;10002.5;0.0
2;79700;SNACKPACK_RASPBERRY;9999;39;9997;55;;;10016;39;10018;55;;;10007.5;0.0
2;79800;SNACKPACK_RASPBERRY;9995;30;9993;42;;;10012;30;10014;42;;;10003.5;0.0
2;79900;SNACKPACK_RASPBERRY;10007;23;10005;42;;;10024;23;10026;42;;;10015.5;0.0
2;80000;SNACKPACK_RASPBERRY;10014;37;10012;59;;;10031;37;10033;59;;;10022.5;0.0
2;80100;SNACKPACK_RASPBERRY;10003;37;10001;59;;;10020;37;10022;59;;;10011.5;0.0
2;80200;SNACKPACK_RASPBERRY;10009;25;10007;40;;;10026;25;10028;40;;;10017.5;0.0
2;80300;SNACKPACK_RASPBERRY;10003;25;10001;51;;;10020;25;10022;51;;;10011.5;0.0
2;80400;SNACKPACK_RASPBERRY;9994;37;9992;53;;;10011;37;10013;53;;;10002.5;0.0
2;80500;SNACKPACK_RASPBERRY;9998;37;9996;59;;;10015;37;10017;59;;;10006.5;0.0
2;80600;SNACKPACK_RASPBERRY;10001;40;9999;48;;;10018;40;10020;48;;;10009.5;0.0
2;80700;SNACKPACK_RASPBERRY;9991;28;9989;46;;;10008;28;10010;46;;;9999.5;0.0
2;80800;SNACKPACK_RASPBERRY;10000;36;9998;53;;;10017;36;10019;53;;;10008.5;0.0
2;80900;SNACKPACK_RASPBERRY;10001;37;9999;54;;;10018;37;10020;54;;;10009.5;0.0
2;81000;SNACKPACK_RASPBERRY;10004;24;10002;55;;;10021;24;10023;55;;;10012.5;0.0
2;81100;SNACKPACK_RASPBERRY;10006;37;10004;60;;;10023;37;10025;60;;;10014.5;0.0
2;81200;SNACKPACK_RASPBERRY;9998;26;9996;52;;;10015;26;10017;52;;;10006.5;0.0
2;81300;SNACKPACK_RASPBERRY;10006;28;10004;50;;;10023;28;10025;50;;;10014.5;0.0
2;81400;SNACKPACK_RASPBERRY;10004;34;10002;59;;;10021;34;10023;59;;;10012.5;0.0
2;81500;SNACKPACK_RASPBERRY;10016;25;10014;41;;;10033;25;10035;41;;;10024.5;0.0
2;81600;SNACKPACK_RASPBERRY;10014;26;10012;47;;;10031;26;10033;47;;;10022.5;0.0
2;81700;SNACKPACK_RASPBERRY;10010;28;10008;40;;;10027;28;10029;40;;;10018.5;0.0
2;81800;SNACKPACK_RASPBERRY;10030;21;10028;43;;;10047;21;10049;43;;;10038.5;0.0
2;81900;SNACKPACK_RASPBERRY;10034;30;10032;54;;;10051;30;10053;54;;;10042.5;0.0
2;82000;SNACKPACK_RASPBERRY;10040;29;10038;48;;;10057;29;10059;48;;;10048.5;0.0
2;82100;SNACKPACK_RASPBERRY;10030;33;10028;57;;;10047;33;10049;57;;;10038.5;0.0
2;82200;SNACKPACK_RASPBERRY;10036;32;10034;56;;;10053;32;10055;56;;;10044.5;0.0
2;82300;SNACKPACK_RASPBERRY;10023;33;10021;51;;;10040;33;10042;51;;;10031.5;0.0
2;82400;SNACKPACK_RASPBERRY;10034;40;10032;42;;;10051;40;10053;42;;;10042.5;0.0
2;82500;SNACKPACK_RASPBERRY;10042;36;10040;40;;;10059;36;10061;40;;;10050.5;0.0
2;82600;SNACKPACK_RASPBERRY;10041;36;10039;47;;;10058;36;10060;47;;;10049.5;0.0
2;82700;SNACKPACK_RASPBERRY;10048;25;10046;49;;;10065;25;10067;49;;;10056.5;0.0
2;82800;SNACKPACK_RASPBERRY;10055;21;10052;57;;;10072;21;10074;57;;;10063.5;0.0
2;82900;SNACKPACK_RASPBERRY;10052;33;10050;41;;;10069;33;10071;41;;;10060.5;0.0
2;83000;SNACKPACK_RASPBERRY;10048;22;10046;48;;;10065;22;10067;48;;;10056.5;0.0
2;83100;SNACKPACK_RASPBERRY;10045;37;10043;59;;;10062;37;10064;59;;;10053.5;0.0
2;83200;SNACKPACK_RASPBERRY;10049;34;10046;59;;;10066;34;10068;59;;;10057.5;0.0
2;83300;SNACKPACK_RASPBERRY;10060;36;10058;55;;;10077;36;10079;55;;;10068.5;0.0
2;83400;SNACKPACK_RASPBERRY;10064;32;10062;45;;;10081;32;10083;45;;;10072.5;0.0
2;83500;SNACKPACK_RASPBERRY;10060;39;10058;51;;;10077;39;10079;51;;;10068.5;0.0
2;83600;SNACKPACK_RASPBERRY;10069;27;10067;44;;;10086;27;10088;44;;;10077.5;0.0
2;83700;SNACKPACK_RASPBERRY;10081;31;10079;46;;;10098;31;10100;46;;;10089.5;0.0
2;83800;SNACKPACK_RASPBERRY;10082;29;10080;59;;;10099;29;10101;59;;;10090.5;0.0
2;83900;SNACKPACK_RASPBERRY;10075;30;10073;60;;;10092;30;10094;60;;;10083.5;0.0
2;84000;SNACKPACK_RASPBERRY;10066;40;10064;57;;;10084;40;10086;57;;;10075.0;0.0
2;84100;SNACKPACK_RASPBERRY;10070;36;10068;45;;;10087;36;10089;45;;;10078.5;0.0
2;84200;SNACKPACK_RASPBERRY;10069;37;10067;56;;;10086;37;10088;56;;;10077.5;0.0
2;84300;SNACKPACK_RASPBERRY;10077;20;10075;60;;;10094;20;10096;60;;;10085.5;0.0
2;84400;SNACKPACK_RASPBERRY;10070;40;10068;55;;;10087;40;10089;55;;;10078.5;0.0
2;84500;SNACKPACK_RASPBERRY;10077;27;10075;55;;;10095;27;10097;55;;;10086.0;0.0
2;84600;SNACKPACK_RASPBERRY;10060;23;10058;44;;;10077;23;10079;44;;;10068.5;0.0
2;84700;SNACKPACK_RASPBERRY;10062;21;10060;49;;;10079;21;10081;49;;;10070.5;0.0
2;84800;SNACKPACK_RASPBERRY;10085;24;10083;56;;;10102;24;10104;56;;;10093.5;0.0
2;84900;SNACKPACK_RASPBERRY;10076;36;10074;48;;;10093;36;10095;48;;;10084.5;0.0
2;85000;SNACKPACK_RASPBERRY;10084;35;10082;56;;;10101;35;10103;56;;;10092.5;0.0
2;85100;SNACKPACK_RASPBERRY;10076;28;10074;51;;;10093;28;10095;51;;;10084.5;0.0
2;85200;SNACKPACK_RASPBERRY;10091;21;10089;45;;;10108;21;10110;45;;;10099.5;0.0
2;85300;SNACKPACK_RASPBERRY;10085;26;10083;54;;;10102;26;10104;54;;;10093.5;0.0
2;85400;SNACKPACK_RASPBERRY;10076;28;10074;42;;;10094;28;10096;42;;;10085.0;0.0
2;85500;SNACKPACK_RASPBERRY;10085;2;10077;22;10075;57;10094;22;10096;57;;;10089.5;0.0
2;85600;SNACKPACK_RASPBERRY;10088;29;10086;43;;;10105;29;10107;43;;;10096.5;0.0
2;85700;SNACKPACK_RASPBERRY;10103;31;10101;52;;;10120;31;10122;52;;;10111.5;0.0
2;85800;SNACKPACK_RASPBERRY;10117;40;10115;57;;;10134;40;10136;57;;;10125.5;0.0
2;85900;SNACKPACK_RASPBERRY;10116;21;10114;41;;;10133;21;10135;41;;;10124.5;0.0
2;86000;SNACKPACK_RASPBERRY;10112;34;10110;49;;;10129;34;10131;49;;;10120.5;0.0
2;86100;SNACKPACK_RASPBERRY;10108;25;10106;54;;;10126;25;10128;54;;;10117.0;0.0
2;86200;SNACKPACK_RASPBERRY;10112;31;10110;48;;;10129;31;10131;48;;;10120.5;0.0
2;86300;SNACKPACK_RASPBERRY;10110;37;10108;43;;;10127;37;10129;43;;;10118.5;0.0
2;86400;SNACKPACK_RASPBERRY;10108;30;10106;54;;;10125;30;10127;54;;;10116.5;0.0
2;86500;SNACKPACK_RASPBERRY;10116;28;10114;43;;;10133;28;10135;43;;;10124.5;0.0
2;86600;SNACKPACK_RASPBERRY;10108;21;10106;51;;;10125;21;10127;51;;;10116.5;0.0
2;86700;SNACKPACK_RASPBERRY;10110;20;10108;49;;;10127;20;10129;49;;;10118.5;0.0
2;86800;SNACKPACK_RASPBERRY;10113;36;10111;40;;;10130;36;10132;40;;;10121.5;0.0
2;86900;SNACKPACK_RASPBERRY;10110;37;10108;40;;;10127;37;10129;40;;;10118.5;0.0
2;87000;SNACKPACK_RASPBERRY;10108;20;10106;50;;;10125;20;10127;50;;;10116.5;0.0
2;87100;SNACKPACK_RASPBERRY;10114;30;10112;57;;;10131;30;10133;57;;;10122.5;0.0
2;87200;SNACKPACK_RASPBERRY;10109;26;10107;49;;;10126;26;10128;49;;;10117.5;0.0
2;87300;SNACKPACK_RASPBERRY;10106;25;10104;42;;;10123;25;10125;42;;;10114.5;0.0
2;87400;SNACKPACK_RASPBERRY;10118;40;10116;48;;;10135;40;10137;48;;;10126.5;0.0
2;87500;SNACKPACK_RASPBERRY;10113;37;10111;43;;;10131;37;10133;43;;;10122.0;0.0
2;87600;SNACKPACK_RASPBERRY;10112;35;10109;49;;;10129;35;10131;49;;;10120.5;0.0
2;87700;SNACKPACK_RASPBERRY;10106;37;10104;56;;;10123;37;10125;56;;;10114.5;0.0
2;87800;SNACKPACK_RASPBERRY;10107;24;10105;52;;;10124;24;10126;52;;;10115.5;0.0
2;87900;SNACKPACK_RASPBERRY;10110;28;10108;60;;;10127;28;10129;60;;;10118.5;0.0
2;88000;SNACKPACK_RASPBERRY;10111;29;10109;51;;;10129;29;10131;51;;;10120.0;0.0
2;88100;SNACKPACK_RASPBERRY;10098;40;10096;51;;;10115;40;10117;51;;;10106.5;0.0
2;88200;SNACKPACK_RASPBERRY;10087;36;10085;58;;;10104;36;10106;58;;;10095.5;0.0
2;88300;SNACKPACK_RASPBERRY;10090;34;10088;53;;;10107;34;10109;53;;;10098.5;0.0
2;88400;SNACKPACK_RASPBERRY;10094;31;10092;47;;;10111;31;10113;47;;;10102.5;0.0
2;88500;SNACKPACK_RASPBERRY;10100;36;10098;53;;;10117;36;10119;53;;;10108.5;0.0
2;88600;SNACKPACK_RASPBERRY;10095;32;10093;55;;;10112;32;10114;55;;;10103.5;0.0
2;88700;SNACKPACK_RASPBERRY;10109;28;10107;41;;;10127;28;10129;41;;;10118.0;0.0
2;88800;SNACKPACK_RASPBERRY;10111;24;10109;47;;;10129;24;10131;47;;;10120.0;0.0
2;88900;SNACKPACK_RASPBERRY;10114;38;10112;43;;;10131;38;10133;43;;;10122.5;0.0
2;89000;SNACKPACK_RASPBERRY;10124;36;10122;59;;;10141;36;10143;59;;;10132.5;0.0
2;89100;SNACKPACK_RASPBERRY;10124;35;10122;45;;;10141;35;10143;45;;;10132.5;0.0
2;89200;SNACKPACK_RASPBERRY;10119;38;10117;44;;;10137;38;10139;44;;;10128.0;0.0
2;89300;SNACKPACK_RASPBERRY;10117;26;10115;44;;;10134;26;10136;44;;;10125.5;0.0
2;89400;SNACKPACK_RASPBERRY;10120;33;10118;50;;;10138;33;10140;50;;;10129.0;0.0
2;89500;SNACKPACK_RASPBERRY;10123;24;10121;51;;;10140;24;10142;51;;;10131.5;0.0
2;89600;SNACKPACK_RASPBERRY;10119;36;10117;44;;;10136;36;10138;44;;;10127.5;0.0
2;89700;SNACKPACK_RASPBERRY;10117;26;10115;47;;;10135;26;10137;47;;;10126.0;0.0
2;89800;SNACKPACK_RASPBERRY;10125;30;10123;57;;;10143;30;10145;57;;;10134.0;0.0
2;89900;SNACKPACK_RASPBERRY;10128;36;10126;44;;;10145;36;10148;44;;;10136.5;0.0
2;90000;SNACKPACK_RASPBERRY;10138;27;10136;54;;;10155;27;10157;54;;;10146.5;0.0
2;90100;SNACKPACK_RASPBERRY;10154;3;10146;28;10144;40;10163;28;10165;40;;;10158.5;0.0
2;90200;SNACKPACK_RASPBERRY;10159;29;10157;53;;;10176;29;10178;53;;;10167.5;0.0
2;90300;SNACKPACK_RASPBERRY;10159;37;10157;45;;;10176;37;10178;45;;;10167.5;0.0
2;90400;SNACKPACK_RASPBERRY;10151;21;10149;42;;;10168;21;10170;42;;;10159.5;0.0
2;90500;SNACKPACK_RASPBERRY;10160;35;10158;44;;;10177;35;10179;44;;;10168.5;0.0
2;90600;SNACKPACK_RASPBERRY;10157;29;10155;51;;;10174;29;10176;51;;;10165.5;0.0
2;90700;SNACKPACK_RASPBERRY;10154;35;10152;43;;;10171;35;10173;43;;;10162.5;0.0
2;90800;SNACKPACK_RASPBERRY;10138;21;10136;51;;;10155;21;10157;51;;;10146.5;0.0
2;90900;SNACKPACK_RASPBERRY;10147;38;10145;41;;;10164;38;10166;41;;;10155.5;0.0
2;91000;SNACKPACK_RASPBERRY;10142;39;10140;45;;;10159;39;10161;45;;;10150.5;0.0
2;91100;SNACKPACK_RASPBERRY;10131;33;10129;54;;;10148;33;10150;54;;;10139.5;0.0
2;91200;SNACKPACK_RASPBERRY;10131;22;10129;47;;;10148;22;10150;47;;;10139.5;0.0
2;91300;SNACKPACK_RASPBERRY;10128;37;10126;44;;;10145;37;10147;44;;;10136.5;0.0
2;91400;SNACKPACK_RASPBERRY;10132;33;10130;40;;;10149;33;10151;40;;;10140.5;0.0
2;91500;SNACKPACK_RASPBERRY;10129;25;10127;51;;;10146;25;10148;51;;;10137.5;0.0
2;91600;SNACKPACK_RASPBERRY;10113;22;10111;53;;;10130;22;10132;53;;;10121.5;0.0
2;91700;SNACKPACK_RASPBERRY;10109;2;10101;26;10099;58;10119;26;10121;58;;;10114.0;0.0
2;91800;SNACKPACK_RASPBERRY;10100;24;10098;40;;;10117;24;10119;40;;;10108.5;0.0
2;91900;SNACKPACK_RASPBERRY;10098;28;10096;46;;;10115;28;10117;46;;;10106.5;0.0
2;92000;SNACKPACK_RASPBERRY;10100;28;10097;47;;;10117;28;10119;47;;;10108.5;0.0
2;92100;SNACKPACK_RASPBERRY;10085;23;10083;57;;;10102;23;10104;57;;;10093.5;0.0
2;92200;SNACKPACK_RASPBERRY;10091;24;10089;46;;;10108;24;10110;46;;;10099.5;0.0
2;92300;SNACKPACK_RASPBERRY;10084;36;10082;50;;;10101;36;10103;50;;;10092.5;0.0
2;92400;SNACKPACK_RASPBERRY;10083;32;10081;51;;;10100;32;10102;51;;;10091.5;0.0
2;92500;SNACKPACK_RASPBERRY;10087;33;10085;40;;;10104;33;10106;40;;;10095.5;0.0
2;92600;SNACKPACK_RASPBERRY;10097;24;10095;52;;;10114;24;10116;52;;;10105.5;0.0
2;92700;SNACKPACK_RASPBERRY;10103;34;10101;51;;;10120;34;10122;51;;;10111.5;0.0
2;92800;SNACKPACK_RASPBERRY;10090;40;10088;40;;;10107;40;10109;40;;;10098.5;0.0
2;92900;SNACKPACK_RASPBERRY;10080;35;10078;44;;;10097;35;10099;44;;;10088.5;0.0
2;93000;SNACKPACK_RASPBERRY;10084;39;10082;57;;;10101;39;10103;57;;;10092.5;0.0
2;93100;SNACKPACK_RASPBERRY;10082;27;10080;46;;;10099;27;10101;46;;;10090.5;0.0
2;93200;SNACKPACK_RASPBERRY;10084;24;10082;56;;;10101;24;10103;56;;;10092.5;0.0
2;93300;SNACKPACK_RASPBERRY;10085;34;10083;55;;;10102;34;10104;55;;;10093.5;0.0
2;93400;SNACKPACK_RASPBERRY;10071;33;10069;60;;;10088;33;10090;60;;;10079.5;0.0
2;93500;SNACKPACK_RASPBERRY;10082;36;10080;57;;;10099;36;10101;57;;;10090.5;0.0
2;93600;SNACKPACK_RASPBERRY;10095;32;10093;42;;;10112;32;10114;42;;;10103.5;0.0
2;93700;SNACKPACK_RASPBERRY;10089;27;10087;48;;;10106;27;10108;48;;;10097.5;0.0
2;93800;SNACKPACK_RASPBERRY;10077;30;10075;55;;;10094;30;10096;55;;;10085.5;0.0
2;93900;SNACKPACK_RASPBERRY;10086;22;10084;49;;;10103;22;10105;49;;;10094.5;0.0
2;94000;SNACKPACK_RASPBERRY;10095;40;10093;52;;;10112;40;10115;52;;;10103.5;0.0
2;94100;SNACKPACK_RASPBERRY;10102;38;10100;40;;;10119;38;10121;40;;;10110.5;0.0
2;94200;SNACKPACK_RASPBERRY;10110;36;10108;57;;;10127;36;10129;57;;;10118.5;0.0
2;94300;SNACKPACK_RASPBERRY;10117;23;10115;45;;;10134;23;10136;45;;;10125.5;0.0
2;94400;SNACKPACK_RASPBERRY;10122;25;10120;41;;;10139;25;10141;41;;;10130.5;0.0
2;94500;SNACKPACK_RASPBERRY;10122;24;10120;42;;;10140;24;10142;42;;;10131.0;0.0
2;94600;SNACKPACK_RASPBERRY;10125;33;10123;56;;;10142;33;10144;56;;;10133.5;0.0
2;94700;SNACKPACK_RASPBERRY;10137;32;10135;41;;;10154;32;10156;41;;;10145.5;0.0
2;94800;SNACKPACK_RASPBERRY;10126;20;10124;55;;;10144;20;10146;55;;;10135.0;0.0
2;94900;SNACKPACK_RASPBERRY;10141;37;10139;51;;;10159;37;10161;51;;;10150.0;0.0
2;95000;SNACKPACK_RASPBERRY;10138;24;10136;58;;;10155;24;10157;58;;;10146.5;0.0
2;95100;SNACKPACK_RASPBERRY;10145;22;10143;46;;;10162;22;10165;46;;;10153.5;0.0
2;95200;SNACKPACK_RASPBERRY;10144;27;10142;49;;;10162;27;10164;49;;;10153.0;0.0
2;95300;SNACKPACK_RASPBERRY;10137;22;10135;49;;;10155;22;10157;49;;;10146.0;0.0
2;95400;SNACKPACK_RASPBERRY;10144;36;10142;60;;;10161;36;10163;60;;;10152.5;0.0
2;95500;SNACKPACK_RASPBERRY;10138;21;10136;49;;;10155;21;10158;49;;;10146.5;0.0
2;95600;SNACKPACK_RASPBERRY;10149;28;10147;59;;;10167;28;10169;59;;;10158.0;0.0
2;95700;SNACKPACK_RASPBERRY;10142;37;10140;55;;;10160;37;10162;55;;;10151.0;0.0
2;95800;SNACKPACK_RASPBERRY;10143;39;10141;56;;;10160;39;10162;56;;;10151.5;0.0
2;95900;SNACKPACK_RASPBERRY;10144;33;10142;48;;;10162;33;10164;48;;;10153.0;0.0
2;96000;SNACKPACK_RASPBERRY;10147;39;10145;58;;;10164;39;10166;58;;;10155.5;0.0
2;96100;SNACKPACK_RASPBERRY;10165;29;10163;55;;;10183;29;10185;55;;;10174.0;0.0
2;96200;SNACKPACK_RASPBERRY;10168;26;10166;59;;;10186;26;10188;59;;;10177.0;0.0
2;96300;SNACKPACK_RASPBERRY;10168;22;10166;58;;;10186;22;10188;58;;;10177.0;0.0
2;96400;SNACKPACK_RASPBERRY;10187;40;10185;44;;;10204;40;10206;44;;;10195.5;0.0
2;96500;SNACKPACK_RASPBERRY;10184;38;10182;51;;;10202;38;10204;51;;;10193.0;0.0
2;96600;SNACKPACK_RASPBERRY;10190;20;10188;46;;;10207;20;10209;46;;;10198.5;0.0
2;96700;SNACKPACK_RASPBERRY;10187;36;10185;44;;;10204;36;10206;44;;;10195.5;0.0
2;96800;SNACKPACK_RASPBERRY;10197;20;10195;41;;;10214;20;10216;41;;;10205.5;0.0
2;96900;SNACKPACK_RASPBERRY;10184;23;10182;48;;;10201;23;10203;48;;;10192.5;0.0
2;97000;SNACKPACK_RASPBERRY;10191;39;10189;52;;;10208;39;10210;52;;;10199.5;0.0
2;97100;SNACKPACK_RASPBERRY;10201;28;10199;42;;;10218;28;10220;42;;;10209.5;0.0
2;97200;SNACKPACK_RASPBERRY;10194;40;10192;42;;;10212;40;10214;42;;;10203.0;0.0
2;97300;SNACKPACK_RASPBERRY;10195;27;10193;48;;;10212;27;10214;48;;;10203.5;0.0
2;97400;SNACKPACK_RASPBERRY;10184;25;10182;51;;;10202;25;10204;51;;;10193.0;0.0
2;97500;SNACKPACK_RASPBERRY;10192;39;10190;40;;;10209;39;10211;40;;;10200.5;0.0
2;97600;SNACKPACK_RASPBERRY;10191;37;10189;58;;;10199;2;10208;37;10210;58;10195.0;0.0
2;97700;SNACKPACK_RASPBERRY;10191;33;10189;53;;;10208;33;10210;53;;;10199.5;0.0
2;97800;SNACKPACK_RASPBERRY;10183;28;10181;55;;;10200;28;10202;55;;;10191.5;0.0
2;97900;SNACKPACK_RASPBERRY;10185;25;10183;55;;;10202;25;10204;55;;;10193.5;0.0
2;98000;SNACKPACK_RASPBERRY;10182;24;10180;60;;;10199;24;10201;60;;;10190.5;0.0
2;98100;SNACKPACK_RASPBERRY;10178;34;10176;55;;;10196;34;10198;55;;;10187.0;0.0
2;98200;SNACKPACK_RASPBERRY;10179;32;10177;53;;;10196;32;10198;53;;;10187.5;0.0
2;98300;SNACKPACK_RASPBERRY;10185;34;10183;56;;;10202;34;10204;56;;;10193.5;0.0
2;98400;SNACKPACK_RASPBERRY;10179;34;10177;50;;;10196;34;10198;50;;;10187.5;0.0
2;98500;SNACKPACK_RASPBERRY;10189;38;10187;50;;;10206;38;10208;50;;;10197.5;0.0
2;98600;SNACKPACK_RASPBERRY;10188;29;10186;60;;;10205;29;10207;60;;;10196.5;0.0
2;98700;SNACKPACK_RASPBERRY;10187;38;10185;53;;;10205;38;10207;53;;;10196.0;0.0
2;98800;SNACKPACK_RASPBERRY;10192;24;10190;51;;;10209;24;10211;51;;;10200.5;0.0
2;98900;SNACKPACK_RASPBERRY;10204;31;10202;60;;;10222;31;10224;60;;;10213.0;0.0
2;99000;SNACKPACK_RASPBERRY;10216;26;10213;57;;;10233;26;10235;57;;;10224.5;0.0
2;99100;SNACKPACK_RASPBERRY;10211;39;10209;58;;;10228;39;10230;58;;;10219.5;0.0
2;99200;SNACKPACK_RASPBERRY;10200;37;10197;53;;;10217;37;10219;53;;;10208.5;0.0
2;99300;SNACKPACK_RASPBERRY;10193;25;10191;52;;;10210;25;10212;52;;;10201.5;0.0
2;99400;SNACKPACK_RASPBERRY;10200;25;10198;58;;;10217;25;10219;58;;;10208.5;0.0
2;99500;SNACKPACK_RASPBERRY;10210;31;10207;60;;;10227;31;10229;60;;;10218.5;0.0
2;99600;SNACKPACK_RASPBERRY;10212;36;10210;56;;;10229;36;10231;56;;;10220.5;0.0
2;99700;SNACKPACK_RASPBERRY;10207;20;10205;52;;;10225;20;10227;52;;;10216.0;0.0
2;99800;SNACKPACK_RASPBERRY;10206;23;10204;60;;;10223;23;10225;60;;;10214.5;0.0
2;99900;SNACKPACK_RASPBERRY;10215;37;10213;60;;;10232;37;10234;60;;;10223.5;0.0
2;100000;SNACKPACK_RASPBERRY;10207;40;10205;41;;;10224;40;10226;41;;;10215.5;0.0
2;100100;SNACKPACK_RASPBERRY;10194;39;10192;42;;;10212;39;10214;42;;;10203.0;0.0
2;100200;SNACKPACK_RASPBERRY;10193;33;10191;54;;;10210;33;10212;54;;;10201.5;0.0
2;100300;SNACKPACK_RASPBERRY;10178;36;10176;45;;;10195;36;10198;45;;;10186.5;0.0
2;100400;SNACKPACK_RASPBERRY;10181;28;10179;60;;;10198;28;10200;60;;;10189.5;0.0
2;100500;SNACKPACK_RASPBERRY;10175;32;10173;58;;;10192;32;10194;58;;;10183.5;0.0
2;100600;SNACKPACK_RASPBERRY;10168;21;10166;41;;;10185;21;10187;41;;;10176.5;0.0
2;100700;SNACKPACK_RASPBERRY;10169;29;10167;51;;;10187;29;10189;51;;;10178.0;0.0
2;100800;SNACKPACK_RASPBERRY;10169;21;10167;42;;;10187;21;10189;42;;;10178.0;0.0
2;100900;SNACKPACK_RASPBERRY;10162;31;10160;45;;;10179;31;10181;45;;;10170.5;0.0
2;101000;SNACKPACK_RASPBERRY;10162;26;10160;54;;;10180;26;10182;54;;;10171.0;0.0
2;101100;SNACKPACK_RASPBERRY;10163;40;10161;45;;;10181;40;10183;45;;;10172.0;0.0
2;101200;SNACKPACK_RASPBERRY;10168;23;10166;51;;;10186;23;10188;51;;;10177.0;0.0
2;101300;SNACKPACK_RASPBERRY;10166;38;10164;42;;;10184;38;10186;42;;;10175.0;0.0
2;101400;SNACKPACK_RASPBERRY;10182;25;10180;42;;;10199;25;10202;42;;;10190.5;0.0
2;101500;SNACKPACK_RASPBERRY;10196;36;10194;54;;;10213;36;10215;54;;;10204.5;0.0
2;101600;SNACKPACK_RASPBERRY;10208;28;10206;46;;;10225;28;10227;46;;;10216.5;0.0
2;101700;SNACKPACK_RASPBERRY;10206;34;10204;55;;;10224;34;10226;55;;;10215.0;0.0
2;101800;SNACKPACK_RASPBERRY;10208;3;10200;29;10198;58;10218;29;10220;58;;;10213.0;0.0
2;101900;SNACKPACK_RASPBERRY;10201;31;10199;57;;;10219;31;10221;57;;;10210.0;0.0
2;102000;SNACKPACK_RASPBERRY;10197;39;10195;40;;;10215;39;10217;40;;;10206.0;0.0
2;102100;SNACKPACK_RASPBERRY;10199;21;10197;49;;;10216;21;10218;49;;;10207.5;0.0
2;102200;SNACKPACK_RASPBERRY;10202;33;10200;42;;;10220;33;10222;42;;;10211.0;0.0
2;102300;SNACKPACK_RASPBERRY;10213;20;10211;45;;;10230;20;10232;45;;;10221.5;0.0
2;102400;SNACKPACK_RASPBERRY;10216;3;10208;26;10206;43;10225;26;10227;43;;;10220.5;0.0
2;102500;SNACKPACK_RASPBERRY;10227;32;10225;57;;;10244;32;10246;57;;;10235.5;0.0
2;102600;SNACKPACK_RASPBERRY;10219;29;10217;44;;;10237;29;10239;44;;;10228.0;0.0
2;102700;SNACKPACK_RASPBERRY;10214;27;10212;59;;;10231;27;10233;59;;;10222.5;0.0
2;102800;SNACKPACK_RASPBERRY;10203;40;10201;49;;;10220;40;10222;49;;;10211.5;0.0
2;102900;SNACKPACK_RASPBERRY;10202;26;10200;45;;;10219;26;10221;45;;;10210.5;0.0
2;103000;SNACKPACK_RASPBERRY;10212;37;10210;43;;;10229;37;10231;43;;;10220.5;0.0
2;103100;SNACKPACK_RASPBERRY;10219;22;10216;45;;;10236;22;10238;45;;;10227.5;0.0
2;103200;SNACKPACK_RASPBERRY;10221;39;10219;43;;;10239;39;10241;43;;;10230.0;0.0
2;103300;SNACKPACK_RASPBERRY;10225;26;10223;57;;;10242;26;10244;57;;;10233.5;0.0
2;103400;SNACKPACK_RASPBERRY;10227;29;10225;52;;;10244;29;10246;52;;;10235.5;0.0
2;103500;SNACKPACK_RASPBERRY;10230;29;10228;59;;;10247;29;10249;59;;;10238.5;0.0
2;103600;SNACKPACK_RASPBERRY;10240;28;10238;60;;;10258;28;10260;60;;;10249.0;0.0
2;103700;SNACKPACK_RASPBERRY;10236;26;10234;50;;;10253;26;10255;50;;;10244.5;0.0
2;103800;SNACKPACK_RASPBERRY;10245;36;10243;52;;;10262;36;10265;52;;;10253.5;0.0
2;103900;SNACKPACK_RASPBERRY;10250;26;10248;54;;;10267;26;10270;54;;;10258.5;0.0
2;104000;SNACKPACK_RASPBERRY;10243;23;10240;48;;;10260;23;10262;48;;;10251.5;0.0
2;104100;SNACKPACK_RASPBERRY;10227;37;10225;40;;;10245;37;10247;40;;;10236.0;0.0
2;104200;SNACKPACK_RASPBERRY;10230;31;10228;40;;;10247;31;10249;40;;;10238.5;0.0
2;104300;SNACKPACK_RASPBERRY;10232;28;10230;42;;;10249;28;10251;42;;;10240.5;0.0
2;104400;SNACKPACK_RASPBERRY;10228;20;10226;41;;;10246;20;10248;41;;;10237.0;0.0
2;104500;SNACKPACK_RASPBERRY;10231;2;10222;35;10220;54;10240;35;10242;54;;;10235.5;0.0
2;104600;SNACKPACK_RASPBERRY;10221;31;10219;44;;;10239;31;10241;44;;;10230.0;0.0
2;104700;SNACKPACK_RASPBERRY;10232;40;10230;49;;;10249;40;10251;49;;;10240.5;0.0
2;104800;SNACKPACK_RASPBERRY;10241;34;10238;55;;;10258;34;10260;55;;;10249.5;0.0
2;104900;SNACKPACK_RASPBERRY;10252;38;10250;60;;;10269;38;10271;60;;;10260.5;0.0
2;105000;SNACKPACK_RASPBERRY;10265;21;10263;52;;;10282;21;10284;52;;;10273.5;0.0
2;105100;SNACKPACK_RASPBERRY;10259;30;10257;55;;;10276;30;10279;55;;;10267.5;0.0
2;105200;SNACKPACK_RASPBERRY;10266;23;10264;56;;;10284;23;10286;56;;;10275.0;0.0
2;105300;SNACKPACK_RASPBERRY;10266;37;10264;48;;;10283;37;10285;48;;;10274.5;0.0
2;105400;SNACKPACK_RASPBERRY;10258;22;10256;52;;;10275;22;10277;52;;;10266.5;0.0
2;105500;SNACKPACK_RASPBERRY;10253;28;10251;40;;;10271;28;10273;40;;;10262.0;0.0
2;105600;SNACKPACK_RASPBERRY;10251;38;10249;50;;;10268;38;10270;50;;;10259.5;0.0
2;105700;SNACKPACK_RASPBERRY;10253;29;10251;53;;;10270;29;10272;53;;;10261.5;0.0
2;105800;SNACKPACK_RASPBERRY;10248;29;10246;49;;;10266;29;10268;49;;;10257.0;0.0
2;105900;SNACKPACK_RASPBERRY;10241;29;10238;50;;;10258;29;10260;50;;;10249.5;0.0
2;106000;SNACKPACK_RASPBERRY;10236;32;10234;52;;;10254;32;10256;52;;;10245.0;0.0
2;106100;SNACKPACK_RASPBERRY;10246;38;10243;54;;;10263;38;10265;54;;;10254.5;0.0
2;106200;SNACKPACK_RASPBERRY;10247;30;10245;43;;;10264;30;10266;43;;;10255.5;0.0
2;106300;SNACKPACK_RASPBERRY;10251;30;10249;41;;;10269;30;10271;41;;;10260.0;0.0
2;106400;SNACKPACK_RASPBERRY;10239;25;10237;59;;;10257;25;10259;59;;;10248.0;0.0
2;106500;SNACKPACK_RASPBERRY;10245;22;10243;60;;;10263;22;10265;60;;;10254.0;0.0
2;106600;SNACKPACK_RASPBERRY;10249;39;10247;60;;;10266;39;10268;60;;;10257.5;0.0
2;106700;SNACKPACK_RASPBERRY;10250;27;10248;60;;;10268;27;10270;60;;;10259.0;0.0
2;106800;SNACKPACK_RASPBERRY;10249;40;10247;44;;;10266;40;10268;44;;;10257.5;0.0
2;106900;SNACKPACK_RASPBERRY;10255;37;10252;50;;;10272;37;10274;50;;;10263.5;0.0
2;107000;SNACKPACK_RASPBERRY;10253;36;10251;42;;;10270;36;10272;42;;;10261.5;0.0
2;107100;SNACKPACK_RASPBERRY;10246;32;10244;41;;;10264;32;10266;41;;;10255.0;0.0
2;107200;SNACKPACK_RASPBERRY;10239;24;10237;58;;;10256;24;10258;58;;;10247.5;0.0
2;107300;SNACKPACK_RASPBERRY;10248;35;10246;47;;;10266;35;10268;47;;;10257.0;0.0
2;107400;SNACKPACK_RASPBERRY;10245;25;10243;59;;;10263;25;10265;59;;;10254.0;0.0
2;107500;SNACKPACK_RASPBERRY;10234;23;10231;48;;;10251;23;10253;48;;;10242.5;0.0
2;107600;SNACKPACK_RASPBERRY;10232;35;10230;50;;;10250;35;10252;50;;;10241.0;0.0
2;107700;SNACKPACK_RASPBERRY;10237;26;10235;58;;;10255;26;10257;58;;;10246.0;0.0
2;107800;SNACKPACK_RASPBERRY;10239;26;10237;58;;;10256;26;10258;58;;;10247.5;0.0
2;107900;SNACKPACK_RASPBERRY;10243;33;10241;44;;;10260;33;10262;44;;;10251.5;0.0
2;108000;SNACKPACK_RASPBERRY;10251;23;10249;44;;;10269;23;10271;44;;;10260.0;0.0
2;108100;SNACKPACK_RASPBERRY;10254;30;10252;41;;;10272;30;10274;41;;;10263.0;0.0
2;108200;SNACKPACK_RASPBERRY;10256;22;10254;57;;;10274;22;10276;57;;;10265.0;0.0
2;108300;SNACKPACK_RASPBERRY;10265;28;10263;60;;;10283;28;10285;60;;;10274.0;0.0
2;108400;SNACKPACK_RASPBERRY;10262;28;10260;41;;;10280;28;10282;41;;;10271.0;0.0
2;108500;SNACKPACK_RASPBERRY;10272;20;10270;57;;;10289;20;10291;57;;;10280.5;0.0
2;108600;SNACKPACK_RASPBERRY;10268;28;10266;53;;;10286;28;10288;53;;;10277.0;0.0
2;108700;SNACKPACK_RASPBERRY;10268;36;10266;52;;;10286;36;10288;52;;;10277.0;0.0
2;108800;SNACKPACK_RASPBERRY;10268;23;10266;49;;;10286;23;10288;49;;;10277.0;0.0
2;108900;SNACKPACK_RASPBERRY;10259;22;10256;44;;;10276;22;10278;44;;;10267.5;0.0
2;109000;SNACKPACK_RASPBERRY;10260;22;10258;50;;;10278;22;10280;50;;;10269.0;0.0
2;109100;SNACKPACK_RASPBERRY;10268;32;10265;59;;;10285;32;10287;59;;;10276.5;0.0
2;109200;SNACKPACK_RASPBERRY;10286;20;10284;51;;;10303;20;10305;51;;;10294.5;0.0
2;109300;SNACKPACK_RASPBERRY;10287;24;10285;54;;;10305;24;10307;54;;;10296.0;0.0
2;109400;SNACKPACK_RASPBERRY;10288;33;10286;58;;;10305;33;10307;58;;;10296.5;0.0
2;109500;SNACKPACK_RASPBERRY;10298;32;10296;43;;;10315;32;10318;43;;;10306.5;0.0
2;109600;SNACKPACK_RASPBERRY;10303;6;10295;28;10293;40;10312;28;10314;40;;;10307.5;0.0
2;109700;SNACKPACK_RASPBERRY;10281;24;10279;40;;;10298;24;10301;40;;;10289.5;0.0
2;109800;SNACKPACK_RASPBERRY;10295;26;10293;50;;;10312;26;10314;50;;;10303.5;0.0
2;109900;SNACKPACK_RASPBERRY;10285;35;10283;48;;;10303;35;10305;48;;;10294.0;0.0
2;110000;SNACKPACK_RASPBERRY;10278;36;10276;60;;;10296;36;10298;60;;;10287.0;0.0
2;110100;SNACKPACK_RASPBERRY;10264;34;10262;50;;;10282;34;10284;50;;;10273.0;0.0
2;110200;SNACKPACK_RASPBERRY;10264;35;10262;40;;;10281;35;10283;40;;;10272.5;0.0
2;110300;SNACKPACK_RASPBERRY;10268;29;10266;50;;;10286;29;10288;50;;;10277.0;0.0
2;110400;SNACKPACK_RASPBERRY;10275;28;10273;54;;;10293;28;10295;54;;;10284.0;0.0
2;110500;SNACKPACK_RASPBERRY;10281;21;10279;48;;;10299;21;10301;48;;;10290.0;0.0
2;110600;SNACKPACK_RASPBERRY;10275;37;10273;42;;;10292;37;10294;42;;;10283.5;0.0
2;110700;SNACKPACK_RASPBERRY;10273;25;10271;60;;;10291;25;10293;60;;;10282.0;0.0
2;110800;SNACKPACK_RASPBERRY;10268;30;10266;49;;;10285;30;10287;49;;;10276.5;0.0
2;110900;SNACKPACK_RASPBERRY;10260;38;10258;43;;;10277;38;10279;43;;;10268.5;0.0
2;111000;SNACKPACK_RASPBERRY;10269;30;10267;50;;;10287;30;10289;50;;;10278.0;0.0
2;111100;SNACKPACK_RASPBERRY;10267;36;10265;56;;;10284;36;10286;56;;;10275.5;0.0
2;111200;SNACKPACK_RASPBERRY;10255;20;10253;40;;;10273;20;10275;40;;;10264.0;0.0
2;111300;SNACKPACK_RASPBERRY;10249;21;10247;52;;;10267;21;10269;52;;;10258.0;0.0
2;111400;SNACKPACK_RASPBERRY;10247;22;10245;54;;;10264;22;10266;54;;;10255.5;0.0
2;111500;SNACKPACK_RASPBERRY;10248;20;10246;43;;;10265;20;10267;43;;;10256.5;0.0
2;111600;SNACKPACK_RASPBERRY;10253;26;10251;55;;;10270;26;10272;55;;;10261.5;0.0
2;111700;SNACKPACK_RASPBERRY;10253;25;10251;54;;;10271;25;10273;54;;;10262.0;0.0
2;111800;SNACKPACK_RASPBERRY;10251;24;10249;41;;;10268;24;10270;41;;;10259.5;0.0
2;111900;SNACKPACK_RASPBERRY;10238;40;10236;53;;;10255;40;10257;53;;;10246.5;0.0
2;112000;SNACKPACK_RASPBERRY;10244;34;10242;54;;;10262;34;10264;54;;;10253.0;0.0
2;112100;SNACKPACK_RASPBERRY;10240;20;10238;47;;;10257;20;10259;47;;;10248.5;0.0
2;112200;SNACKPACK_RASPBERRY;10246;35;10244;45;;;10263;35;10265;45;;;10254.5;0.0
2;112300;SNACKPACK_RASPBERRY;10255;20;10253;40;;;10273;20;10275;40;;;10264.0;0.0
2;112400;SNACKPACK_RASPBERRY;10265;23;10263;54;;;10282;23;10284;54;;;10273.5;0.0
2;112500;SNACKPACK_RASPBERRY;10263;24;10261;45;;;10280;24;10282;45;;;10271.5;0.0
2;112600;SNACKPACK_RASPBERRY;10251;24;10249;55;;;10269;24;10271;55;;;10260.0;0.0
2;112700;SNACKPACK_RASPBERRY;10254;20;10252;57;;;10271;20;10273;57;;;10262.5;0.0
2;112800;SNACKPACK_RASPBERRY;10264;21;10262;55;;;10281;21;10283;55;;;10272.5;0.0
2;112900;SNACKPACK_RASPBERRY;10266;36;10264;45;;;10283;36;10285;45;;;10274.5;0.0
2;113000;SNACKPACK_RASPBERRY;10266;20;10264;53;;;10283;20;10285;53;;;10274.5;0.0
2;113100;SNACKPACK_RASPBERRY;10269;39;10267;40;;;10287;39;10289;40;;;10278.0;0.0
2;113200;SNACKPACK_RASPBERRY;10269;30;10267;48;;;10287;30;10289;48;;;10278.0;0.0
2;113300;SNACKPACK_RASPBERRY;10265;22;10263;48;;;10282;22;10285;48;;;10273.5;0.0
2;113400;SNACKPACK_RASPBERRY;10266;35;10264;50;;;10284;35;10286;50;;;10275.0;0.0
2;113500;SNACKPACK_RASPBERRY;10268;33;10266;57;;;10285;33;10287;57;;;10276.5;0.0
2;113600;SNACKPACK_RASPBERRY;10270;40;10268;54;;;10288;40;10290;54;;;10279.0;0.0
2;113700;SNACKPACK_RASPBERRY;10271;21;10269;40;;;10289;21;10291;40;;;10280.0;0.0
2;113800;SNACKPACK_RASPBERRY;10280;37;10278;49;;;10297;37;10299;49;;;10288.5;0.0
2;113900;SNACKPACK_RASPBERRY;10280;25;10278;43;;;10297;25;10299;43;;;10288.5;0.0
2;114000;SNACKPACK_RASPBERRY;10278;24;10276;46;;;10295;24;10297;46;;;10286.5;0.0
2;114100;SNACKPACK_RASPBERRY;10282;34;10280;50;;;10300;34;10302;50;;;10291.0;0.0
2;114200;SNACKPACK_RASPBERRY;10279;39;10277;59;;;10296;39;10298;59;;;10287.5;0.0
2;114300;SNACKPACK_RASPBERRY;10278;40;10276;50;;;10295;40;10298;50;;;10286.5;0.0
2;114400;SNACKPACK_RASPBERRY;10287;33;10285;58;;;10304;33;10306;58;;;10295.5;0.0
2;114500;SNACKPACK_RASPBERRY;10291;5;10283;29;10281;57;10300;29;10302;57;;;10295.5;0.0
2;114600;SNACKPACK_RASPBERRY;10286;20;10284;52;;;10304;20;10306;52;;;10295.0;0.0
2;114700;SNACKPACK_RASPBERRY;10283;38;10281;44;;;10301;38;10303;44;;;10292.0;0.0
2;114800;SNACKPACK_RASPBERRY;10275;22;10273;41;;;10292;22;10294;41;;;10283.5;0.0
2;114900;SNACKPACK_RASPBERRY;10269;27;10267;48;;;10286;27;10288;48;;;10277.5;0.0
2;115000;SNACKPACK_RASPBERRY;10260;22;10258;47;;;10277;22;10279;47;;;10268.5;0.0
2;115100;SNACKPACK_RASPBERRY;10254;31;10252;40;;;10271;31;10273;40;;;10262.5;0.0
2;115200;SNACKPACK_RASPBERRY;10252;32;10250;54;;;10269;32;10271;54;;;10260.5;0.0
2;115300;SNACKPACK_RASPBERRY;10252;26;10250;50;;;10270;26;10272;50;;;10261.0;0.0
2;115400;SNACKPACK_RASPBERRY;10246;40;10244;50;;;10263;40;10265;50;;;10254.5;0.0
2;115500;SNACKPACK_RASPBERRY;10241;30;10239;52;;;10259;30;10261;52;;;10250.0;0.0
2;115600;SNACKPACK_RASPBERRY;10224;40;10222;42;;;10242;40;10244;42;;;10233.0;0.0
2;115700;SNACKPACK_RASPBERRY;10241;21;10239;52;;;10258;21;10260;52;;;10249.5;0.0
2;115800;SNACKPACK_RASPBERRY;10233;33;10231;60;;;10250;33;10252;60;;;10241.5;0.0
2;115900;SNACKPACK_RASPBERRY;10233;31;10231;42;;;10251;31;10253;42;;;10242.0;0.0
2;116000;SNACKPACK_RASPBERRY;10231;34;10229;42;;;10248;34;10250;42;;;10239.5;0.0
2;116100;SNACKPACK_RASPBERRY;10234;36;10232;40;;;10251;36;10253;40;;;10242.5;0.0
2;116200;SNACKPACK_RASPBERRY;10233;24;10231;46;;;10250;24;10252;46;;;10241.5;0.0
2;116300;SNACKPACK_RASPBERRY;10237;39;10235;50;;;10254;39;10257;50;;;10245.5;0.0
2;116400;SNACKPACK_RASPBERRY;10239;25;10237;54;;;10257;25;10259;54;;;10248.0;0.0
2;116500;SNACKPACK_RASPBERRY;10224;26;10221;44;;;10241;26;10243;44;;;10232.5;0.0
2;116600;SNACKPACK_RASPBERRY;10222;33;10220;48;;;10239;33;10241;48;;;10230.5;0.0
2;116700;SNACKPACK_RASPBERRY;10222;29;10220;47;;;10239;29;10241;47;;;10230.5;0.0
2;116800;SNACKPACK_RASPBERRY;10228;37;10226;41;;;10245;37;10247;41;;;10236.5;0.0
2;116900;SNACKPACK_RASPBERRY;10224;25;10222;40;;;10241;25;10243;40;;;10232.5;0.0
2;117000;SNACKPACK_RASPBERRY;10219;34;10217;55;;;10237;34;10239;55;;;10228.0;0.0
2;117100;SNACKPACK_RASPBERRY;10223;40;10221;41;;;10241;40;10243;41;;;10232.0;0.0
2;117200;SNACKPACK_RASPBERRY;10220;21;10218;57;;;10237;21;10239;57;;;10228.5;0.0
2;117300;SNACKPACK_RASPBERRY;10224;31;10222;41;;;10241;31;10243;41;;;10232.5;0.0
2;117400;SNACKPACK_RASPBERRY;10226;28;10224;58;;;10244;28;10246;58;;;10235.0;0.0
2;117500;SNACKPACK_RASPBERRY;10225;30;10223;58;;;10243;30;10245;58;;;10234.0;0.0
2;117600;SNACKPACK_RASPBERRY;10237;25;10234;51;;;10254;25;10256;51;;;10245.5;0.0
2;117700;SNACKPACK_RASPBERRY;10236;32;10234;56;;;10253;32;10255;56;;;10244.5;0.0
2;117800;SNACKPACK_RASPBERRY;10232;32;10230;53;;;10249;32;10251;53;;;10240.5;0.0
2;117900;SNACKPACK_RASPBERRY;10227;27;10225;60;;;10244;27;10246;60;;;10235.5;0.0
2;118000;SNACKPACK_RASPBERRY;10238;38;10236;46;;;10256;38;10258;46;;;10247.0;0.0
2;118100;SNACKPACK_RASPBERRY;10241;25;10239;48;;;10258;25;10260;48;;;10249.5;0.0
2;118200;SNACKPACK_RASPBERRY;10230;34;10228;46;;;10248;34;10250;46;;;10239.0;0.0
2;118300;SNACKPACK_RASPBERRY;10242;24;10240;57;;;10260;24;10262;57;;;10251.0;0.0
2;118400;SNACKPACK_RASPBERRY;10253;31;10251;52;;;10270;31;10273;52;;;10261.5;0.0
2;118500;SNACKPACK_RASPBERRY;10262;24;10260;45;;;10279;24;10281;45;;;10270.5;0.0
2;118600;SNACKPACK_RASPBERRY;10283;37;10281;60;;;10300;37;10302;60;;;10291.5;0.0
2;118700;SNACKPACK_RASPBERRY;10291;34;10289;55;;;10308;34;10310;55;;;10299.5;0.0
2;118800;SNACKPACK_RASPBERRY;10297;36;10295;47;;;10314;36;10316;47;;;10305.5;0.0
2;118900;SNACKPACK_RASPBERRY;10291;32;10288;57;;;10308;32;10310;57;;;10299.5;0.0
2;119000;SNACKPACK_RASPBERRY;10291;25;10289;57;;;10309;25;10311;57;;;10300.0;0.0
2;119100;SNACKPACK_RASPBERRY;10297;23;10295;51;;;10314;23;10316;51;;;10305.5;0.0
2;119200;SNACKPACK_RASPBERRY;10299;22;10297;50;;;10317;22;10319;50;;;10308.0;0.0
2;119300;SNACKPACK_RASPBERRY;10300;32;10298;48;;;10317;32;10319;48;;;10308.5;0.0
2;119400;SNACKPACK_RASPBERRY;10299;33;10297;49;;;10317;33;10319;49;;;10308.0;0.0
2;119500;SNACKPACK_RASPBERRY;10295;23;10293;43;;;10313;23;10315;43;;;10304.0;0.0
2;119600;SNACKPACK_RASPBERRY;10294;23;10292;56;;;10312;23;10314;56;;;10303.0;0.0
2;119700;SNACKPACK_RASPBERRY;10285;39;10283;55;;;10303;39;10305;55;;;10294.0;0.0
2;119800;SNACKPACK_RASPBERRY;10279;34;10277;59;;;10296;34;10298;59;;;10287.5;0.0
2;119900;SNACKPACK_RASPBERRY;10275;30;10273;55;;;10292;30;10294;55;;;10283.5;0.0
2;120000;SNACKPACK_RASPBERRY;10287;29;10285;58;;;10305;29;10307;58;;;10296.0;0.0
2;120100;SNACKPACK_RASPBERRY;10295;33;10293;45;;;10312;33;10314;45;;;10303.5;0.0
2;120200;SNACKPACK_RASPBERRY;10290;24;10288;46;;;10308;24;10310;46;;;10299.0;0.0
2;120300;SNACKPACK_RASPBERRY;10285;20;10283;46;;;10302;20;10304;46;;;10293.5;0.0
2;120400;SNACKPACK_RASPBERRY;10276;32;10274;50;;;10294;32;10296;50;;;10285.0;0.0
2;120500;SNACKPACK_RASPBERRY;10272;30;10270;48;;;10290;30;10292;48;;;10281.0;0.0
2;120600;SNACKPACK_RASPBERRY;10280;37;10278;57;;;10298;37;10300;57;;;10289.0;0.0
2;120700;SNACKPACK_RASPBERRY;10284;32;10282;46;;;10302;32;10304;46;;;10293.0;0.0
2;120800;SNACKPACK_RASPBERRY;10280;22;10278;48;;;10297;22;10300;48;;;10288.5;0.0
2;120900;SNACKPACK_RASPBERRY;10291;30;10289;56;;;10309;30;10311;56;;;10300.0;0.0
2;121000;SNACKPACK_RASPBERRY;10298;23;10296;46;;;10315;23;10318;46;;;10306.5;0.0
2;121100;SNACKPACK_RASPBERRY;10281;37;10279;44;;;10299;37;10301;44;;;10290.0;0.0
2;121200;SNACKPACK_RASPBERRY;10274;35;10272;56;;;10292;35;10294;56;;;10283.0;0.0
2;121300;SNACKPACK_RASPBERRY;10285;38;10283;56;;;10303;38;10305;56;;;10294.0;0.0
2;121400;SNACKPACK_RASPBERRY;10287;21;10285;59;;;10304;21;10306;59;;;10295.5;0.0
2;121500;SNACKPACK_RASPBERRY;10283;25;10281;42;;;10301;25;10303;42;;;10292.0;0.0
2;121600;SNACKPACK_RASPBERRY;10288;20;10286;45;;;10306;20;10308;45;;;10297.0;0.0
2;121700;SNACKPACK_RASPBERRY;10283;23;10281;58;;;10301;23;10303;58;;;10292.0;0.0
2;121800;SNACKPACK_RASPBERRY;10289;38;10287;40;;;10306;38;10309;40;;;10297.5;0.0
2;121900;SNACKPACK_RASPBERRY;10288;20;10286;45;;;10306;20;10308;45;;;10297.0;0.0
2;122000;SNACKPACK_RASPBERRY;10289;32;10287;43;;;10306;32;10308;43;;;10297.5;0.0
2;122100;SNACKPACK_RASPBERRY;10302;23;10300;47;;;10319;23;10321;47;;;10310.5;0.0
2;122200;SNACKPACK_RASPBERRY;10299;36;10297;42;;;10316;36;10318;42;;;10307.5;0.0
2;122300;SNACKPACK_RASPBERRY;10301;33;10299;50;;;10318;33;10320;50;;;10309.5;0.0
2;122400;SNACKPACK_RASPBERRY;10296;37;10294;49;;;10313;37;10315;49;;;10304.5;0.0
2;122500;SNACKPACK_RASPBERRY;10293;39;10291;44;;;10311;39;10313;44;;;10302.0;0.0
2;122600;SNACKPACK_RASPBERRY;10293;37;10291;44;;;10311;37;10313;44;;;10302.0;0.0
2;122700;SNACKPACK_RASPBERRY;10293;29;10291;48;;;10310;29;10312;48;;;10301.5;0.0
2;122800;SNACKPACK_RASPBERRY;10277;23;10275;52;;;10294;23;10296;52;;;10285.5;0.0
2;122900;SNACKPACK_RASPBERRY;10283;36;10281;48;;;10300;36;10302;48;;;10291.5;0.0
2;123000;SNACKPACK_RASPBERRY;10303;21;10301;43;;;10320;21;10322;43;;;10311.5;0.0
2;123100;SNACKPACK_RASPBERRY;10311;30;10309;40;;;10328;30;10330;40;;;10319.5;0.0
2;123200;SNACKPACK_RASPBERRY;10316;31;10314;41;;;10334;31;10336;41;;;10325.0;0.0
2;123300;SNACKPACK_RASPBERRY;10308;22;10306;40;;;10326;22;10328;40;;;10317.0;0.0
2;123400;SNACKPACK_RASPBERRY;10310;40;10308;44;;;10327;40;10329;44;;;10318.5;0.0
2;123500;SNACKPACK_RASPBERRY;10298;29;10296;54;;;10315;29;10317;54;;;10306.5;0.0
2;123600;SNACKPACK_RASPBERRY;10300;20;10298;43;;;10318;20;10320;43;;;10309.0;0.0
2;123700;SNACKPACK_RASPBERRY;10305;25;10303;52;;;10322;25;10324;52;;;10313.5;0.0
2;123800;SNACKPACK_RASPBERRY;10305;24;10303;46;;;10322;24;10324;46;;;10313.5;0.0
2;123900;SNACKPACK_RASPBERRY;10312;31;10310;49;;;10329;31;10331;49;;;10320.5;0.0
2;124000;SNACKPACK_RASPBERRY;10307;20;10305;53;;;10324;20;10326;53;;;10315.5;0.0
2;124100;SNACKPACK_RASPBERRY;10316;23;10314;41;;;10334;23;10336;41;;;10325.0;0.0
2;124200;SNACKPACK_RASPBERRY;10310;38;10308;41;;;10328;38;10330;41;;;10319.0;0.0
2;124300;SNACKPACK_RASPBERRY;10291;38;10289;48;;;10308;38;10311;48;;;10299.5;0.0
2;124400;SNACKPACK_RASPBERRY;10293;20;10291;48;;;10310;20;10312;48;;;10301.5;0.0
2;124500;SNACKPACK_RASPBERRY;10296;22;10294;52;;;10314;22;10316;52;;;10305.0;0.0
2;124600;SNACKPACK_RASPBERRY;10294;27;10292;48;;;10312;27;10314;48;;;10303.0;0.0
2;124700;SNACKPACK_RASPBERRY;10295;36;10293;41;;;10312;36;10314;41;;;10303.5;0.0
2;124800;SNACKPACK_RASPBERRY;10307;27;10305;57;;;10324;27;10326;57;;;10315.5;0.0
2;124900;SNACKPACK_RASPBERRY;10325;3;10317;34;10315;49;10334;34;10337;49;;;10329.5;0.0
2;125000;SNACKPACK_RASPBERRY;10324;33;10322;40;;;10342;33;10344;40;;;10333.0;0.0
2;125100;SNACKPACK_RASPBERRY;10310;22;10307;40;;;10327;22;10329;40;;;10318.5;0.0
2;125200;SNACKPACK_RASPBERRY;10311;29;10309;57;;;10328;29;10330;57;;;10319.5;0.0
2;125300;SNACKPACK_RASPBERRY;10321;34;10319;41;;;10338;34;10340;41;;;10329.5;0.0
2;125400;SNACKPACK_RASPBERRY;10316;38;10314;57;;;10334;38;10336;57;;;10325.0;0.0
2;125500;SNACKPACK_RASPBERRY;10325;23;10323;60;;;10342;23;10344;60;;;10333.5;0.0
2;125600;SNACKPACK_RASPBERRY;10330;31;10328;60;;;10348;31;10350;60;;;10339.0;0.0
2;125700;SNACKPACK_RASPBERRY;10322;33;10320;53;;;10339;33;10341;53;;;10330.5;0.0
2;125800;SNACKPACK_RASPBERRY;10324;36;10322;46;;;10341;36;10343;46;;;10332.5;0.0
2;125900;SNACKPACK_RASPBERRY;10310;39;10308;41;;;10327;39;10329;41;;;10318.5;0.0
2;126000;SNACKPACK_RASPBERRY;10305;35;10303;53;;;10323;35;10325;53;;;10314.0;0.0
2;126100;SNACKPACK_RASPBERRY;10310;29;10308;58;;;10327;29;10329;58;;;10318.5;0.0
2;126200;SNACKPACK_RASPBERRY;10316;20;10314;43;;;10333;20;10335;43;;;10324.5;0.0
2;126300;SNACKPACK_RASPBERRY;10316;30;10314;51;;;10334;30;10336;51;;;10325.0;0.0
2;126400;SNACKPACK_RASPBERRY;10324;30;10321;40;;;10341;30;10343;40;;;10332.5;0.0
2;126500;SNACKPACK_RASPBERRY;10317;33;10315;49;;;10335;33;10337;49;;;10326.0;0.0
2;126600;SNACKPACK_RASPBERRY;10309;22;10307;48;;;10327;22;10329;48;;;10318.0;0.0
2;126700;SNACKPACK_RASPBERRY;10309;40;10307;50;;;10326;40;10328;50;;;10317.5;0.0
2;126800;SNACKPACK_RASPBERRY;10318;2;10310;38;10308;51;10328;38;10330;51;;;10323.0;0.0
2;126900;SNACKPACK_RASPBERRY;10299;27;10297;50;;;10316;27;10318;50;;;10307.5;0.0
2;127000;SNACKPACK_RASPBERRY;10306;32;10304;44;;;10323;32;10325;44;;;10314.5;0.0
2;127100;SNACKPACK_RASPBERRY;10313;21;10311;41;;;10330;21;10332;41;;;10321.5;0.0
2;127200;SNACKPACK_RASPBERRY;10317;22;10315;50;;;10335;22;10337;50;;;10326.0;0.0
2;127300;SNACKPACK_RASPBERRY;10315;32;10313;45;;;10333;32;10335;45;;;10324.0;0.0
2;127400;SNACKPACK_RASPBERRY;10328;28;10326;56;;;10346;28;10348;56;;;10337.0;0.0
2;127500;SNACKPACK_RASPBERRY;10316;31;10314;56;;;10333;31;10335;56;;;10324.5;0.0
2;127600;SNACKPACK_RASPBERRY;10310;34;10308;56;;;10327;34;10329;56;;;10318.5;0.0
2;127700;SNACKPACK_RASPBERRY;10314;39;10312;47;;;10331;39;10333;47;;;10322.5;0.0
2;127800;SNACKPACK_RASPBERRY;10316;26;10314;60;;;10334;26;10336;60;;;10325.0;0.0
2;127900;SNACKPACK_RASPBERRY;10317;30;10315;46;;;10335;30;10337;46;;;10326.0;0.0
2;128000;SNACKPACK_RASPBERRY;10318;24;10316;44;;;10335;24;10337;44;;;10326.5;0.0
2;128100;SNACKPACK_RASPBERRY;10322;30;10320;55;;;10340;30;10342;55;;;10331.0;0.0
2;128200;SNACKPACK_RASPBERRY;10321;34;10319;56;;;10339;34;10341;56;;;10330.0;0.0
