day;timestamp;product;bid_price_1;bid_volume_1;bid_price_2;bid_volume_2;bid_price_3;bid_volume_3;ask_price_1;ask_volume_1;ask_price_2;ask_volume_2;ask_price_3;ask_volume_3;mid_price;profit_and_loss
3;0;SNACKPACK_CHOCOLATE;9912;21;9910;52;;;9929;21;9931;52;;;9920.5;0.0
3;0;SNACKPACK_STRAWBERRY;10429;21;10427;52;;;10446;21;10448;52;;;10437.5;0.0
3;0;SNACKPACK_PISTACHIO;9501;21;9500;52;;;9518;21;9520;52;;;9509.5;0.0
3;0;SNACKPACK_VANILLA;10039;21;10037;52;;;10056;21;10058;52;;;10047.5;0.0
3;0;SNACKPACK_RASPBERRY;10232;21;10230;52;;;10249;21;10251;52;;;10240.5;0.0
3;100;SNACKPACK_CHOCOLATE;9905;28;9903;48;;;9922;28;9924;48;;;9913.5;0.0
3;100;SNACKPACK_STRAWBERRY;10427;28;10425;48;;;10445;28;10447;48;;;10436.0;0.0
3;100;SNACKPACK_PISTACHIO;9502;28;9500;48;;;9518;28;9520;48;;;9510.0;0.0
3;100;SNACKPACK_VANILLA;10044;28;10042;48;;;10061;28;10063;48;;;10052.5;0.0
3;100;SNACKPACK_RASPBERRY;10230;28;10228;48;;;10247;28;10249;48;;;10238.5;0.0
3;200;SNACKPACK_PISTACHIO;9496;21;9494;55;;;9512;21;9514;55;;;9504.0;0.0
3;200;SNACKPACK_STRAWBERRY;10421;21;10419;55;;;10439;21;10441;55;;;10430.0;0.0
3;200;SNACKPACK_VANILLA;10033;21;10031;55;;;10050;21;10052;55;;;10041.5;0.0
3;200;SNACKPACK_CHOCOLATE;9917;21;9915;55;;;9934;21;9936;55;;;9925.5;0.0
3;200;SNACKPACK_RASPBERRY;10238;21;10236;55;;;10256;21;10258;55;;;10247.0;0.0
3;300;SNACKPACK_PISTACHIO;9497;33;9495;44;;;9513;33;9515;44;;;9505.0;0.0
3;300;SNACKPACK_STRAWBERRY;10423;33;10421;44;;;10441;33;10443;44;;;10432.0;0.0
3;300;SNACKPACK_RASPBERRY;10234;33;10232;44;;;10251;33;10253;44;;;10242.5;0.0
3;300;SNACKPACK_VANILLA;10030;33;10028;44;;;10047;33;10049;44;;;10038.5;0.0
3;300;SNACKPACK_CHOCOLATE;9920;33;9918;44;;;9937;33;9939;44;;;9928.5;0.0
3;400;SNACKPACK_PISTACHIO;9490;40;9488;47;;;9506;40;9508;47;;;9498.0;0.0
3;400;SNACKPACK_STRAWBERRY;10417;40;10415;47;;;10435;40;10437;47;;;10426.0;0.0
3;400;SNACKPACK_RASPBERRY;10241;40;10239;47;;;10258;40;10260;47;;;10249.5;0.0
3;400;SNACKPACK_CHOCOLATE;9928;40;9926;47;;;9945;40;9947;47;;;9936.5;0.0
3;400;SNACKPACK_VANILLA;10021;40;10019;47;;;10038;40;10040;47;;;10029.5;0.0
3;500;SNACKPACK_CHOCOLATE;9937;36;9935;49;;;9954;36;9956;49;;;9945.5;0.0
3;500;SNACKPACK_STRAWBERRY;10401;36;10399;49;;;10419;36;10421;49;;;10410.0;0.0
3;500;SNACKPACK_RASPBERRY;10256;36;10254;49;;;10274;36;10276;49;;;10265.0;0.0
3;500;SNACKPACK_PISTACHIO;9477;36;9475;49;;;9493;36;9495;49;;;9485.0;0.0
3;500;SNACKPACK_VANILLA;10017;36;10015;49;;;10034;36;10036;49;;;10025.5;0.0
3;600;SNACKPACK_RASPBERRY;10262;29;10260;43;;;10279;29;10281;43;;;10270.5;0.0
3;600;SNACKPACK_CHOCOLATE;9930;29;9928;43;;;9947;29;9949;43;;;9938.5;0.0
3;600;SNACKPACK_STRAWBERRY;10398;29;10396;43;;;10416;29;10418;43;;;10407.0;0.0
3;600;SNACKPACK_PISTACHIO;9472;29;9470;43;;;9488;29;9490;43;;;9480.0;0.0
3;600;SNACKPACK_VANILLA;10024;29;10022;43;;;10041;29;10043;43;;;10032.5;0.0
3;700;SNACKPACK_VANILLA;10027;24;10025;50;;;10044;24;10046;50;;;10035.5;0.0
3;700;SNACKPACK_RASPBERRY;10269;24;10267;50;;;10287;24;10289;50;;;10278.0;0.0
3;700;SNACKPACK_CHOCOLATE;9927;24;9925;50;;;9944;24;9946;50;;;9935.5;0.0
3;700;SNACKPACK_STRAWBERRY;10391;24;10389;50;;;10409;24;10411;50;;;10400.0;0.0
3;700;SNACKPACK_PISTACHIO;9467;24;9465;50;;;9484;24;9485;50;;;9475.5;0.0
3;800;SNACKPACK_RASPBERRY;10272;36;10270;48;;;10289;36;10292;48;;;10280.5;0.0
3;800;SNACKPACK_VANILLA;10032;36;10030;48;;;10049;36;10051;48;;;10040.5;0.0
3;800;SNACKPACK_CHOCOLATE;9924;36;9922;48;;;9941;36;9943;48;;;9932.5;0.0
3;800;SNACKPACK_PISTACHIO;9469;36;9467;48;;;9485;36;9487;48;;;9477.0;0.0
3;800;SNACKPACK_STRAWBERRY;10390;36;10388;48;;;10407;36;10410;48;;;10398.5;0.0
3;900;SNACKPACK_STRAWBERRY;10388;35;10386;60;;;10406;35;10408;60;;;10397.0;0.0
3;900;SNACKPACK_RASPBERRY;10273;35;10271;60;;;10291;35;10293;60;;;10282.0;0.0
3;900;SNACKPACK_VANILLA;10027;35;10025;60;;;10044;35;10046;60;;;10035.5;0.0
3;900;SNACKPACK_CHOCOLATE;9927;35;9925;60;;;9944;35;9946;60;;;9935.5;0.0
3;900;SNACKPACK_PISTACHIO;9468;35;9466;60;;;9484;35;9486;60;;;9476.0;0.0
3;1000;SNACKPACK_STRAWBERRY;10408;28;10406;46;;;10426;28;10428;46;;;10417.0;0.0
3;1000;SNACKPACK_CHOCOLATE;9926;28;9924;46;;;9943;28;9945;46;;;9934.5;0.0
3;1000;SNACKPACK_RASPBERRY;10256;28;10254;46;;;10273;28;10275;46;;;10264.5;0.0
3;1000;SNACKPACK_PISTACHIO;9480;28;9478;46;;;9496;28;9498;46;;;9488.0;0.0
3;1000;SNACKPACK_VANILLA;10029;28;10027;46;;;10046;28;10048;46;;;10037.5;0.0
3;1100;SNACKPACK_CHOCOLATE;9930;34;9928;52;;;9947;34;9949;52;;;9938.5;0.0
3;1100;SNACKPACK_STRAWBERRY;10421;34;10419;52;;;10439;34;10441;52;;;10430.0;0.0
3;1100;SNACKPACK_PISTACHIO;9488;34;9486;52;;;9504;34;9506;52;;;9496.0;0.0
3;1100;SNACKPACK_VANILLA;10025;34;10023;52;;;10042;34;10044;52;;;10033.5;0.0
3;1100;SNACKPACK_RASPBERRY;10245;34;10243;52;;;10263;34;10265;52;;;10254.0;0.0
3;1200;SNACKPACK_STRAWBERRY;10425;33;10422;51;;;10442;33;10444;51;;;10433.5;0.0
3;1200;SNACKPACK_PISTACHIO;9487;33;9485;51;;;9503;33;9505;51;;;9495.0;0.0
3;1200;SNACKPACK_VANILLA;10033;33;10031;51;;;10050;33;10052;51;;;10041.5;0.0
3;1200;SNACKPACK_RASPBERRY;10241;33;10239;51;;;10259;33;10261;51;;;10250.0;0.0
3;1200;SNACKPACK_CHOCOLATE;9921;33;9919;51;;;9938;33;9940;51;;;9929.5;0.0
3;1300;SNACKPACK_PISTACHIO;9491;32;9489;56;;;9507;32;9509;56;;;9499.0;0.0
3;1300;SNACKPACK_STRAWBERRY;10429;32;10427;56;;;10447;32;10449;56;;;10438.0;0.0
3;1300;SNACKPACK_VANILLA;10032;32;10030;56;;;10050;32;10052;56;;;10041.0;0.0
3;1300;SNACKPACK_CHOCOLATE;9921;32;9919;56;;;9937;32;9939;56;;;9929.0;0.0
3;1300;SNACKPACK_RASPBERRY;10237;32;10235;56;;;10255;32;10257;56;;;10246.0;0.0
3;1400;SNACKPACK_PISTACHIO;9490;30;9488;59;;;9506;30;9508;59;;;9498.0;0.0
3;1400;SNACKPACK_STRAWBERRY;10431;30;10429;59;;;10449;30;10451;59;;;10440.0;0.0
3;1400;SNACKPACK_RASPBERRY;10239;30;10237;59;;;10257;30;10259;59;;;10248.0;0.0
3;1400;SNACKPACK_VANILLA;10037;30;10035;59;;;10054;30;10056;59;;;10045.5;0.0
3;1400;SNACKPACK_CHOCOLATE;9915;30;9913;59;;;9931;30;9933;59;;;9923.0;0.0
3;1500;SNACKPACK_PISTACHIO;9493;34;9491;50;;;9509;34;9511;50;;;9501.0;0.0
3;1500;SNACKPACK_STRAWBERRY;10435;34;10433;50;;;10453;34;10455;50;;;10444.0;0.0
3;1500;SNACKPACK_RASPBERRY;10235;34;10233;50;;;10253;34;10255;50;;;10244.0;0.0
3;1500;SNACKPACK_CHOCOLATE;9921;34;9919;50;;;9938;34;9940;50;;;9929.5;0.0
3;1500;SNACKPACK_VANILLA;10031;34;10029;50;;;10048;34;10050;50;;;10039.5;0.0
3;1600;SNACKPACK_RASPBERRY;10220;33;10218;45;;;10237;33;10239;45;;;10228.5;0.0
3;1600;SNACKPACK_CHOCOLATE;9921;33;9919;45;;;9938;33;9940;45;;;9929.5;0.0
3;1600;SNACKPACK_STRAWBERRY;10450;33;10448;45;;;10468;33;10470;45;;;10459.0;0.0
3;1600;SNACKPACK_PISTACHIO;9504;33;9502;45;;;9520;33;9522;45;;;9512.0;0.0
3;1600;SNACKPACK_VANILLA;10028;33;10026;45;;;10045;33;10047;45;;;10036.5;0.0
3;1700;SNACKPACK_RASPBERRY;10206;37;10204;58;;;10223;37;10225;58;;;10214.5;0.0
3;1700;SNACKPACK_CHOCOLATE;9919;37;9917;58;;;9936;37;9938;58;;;9927.5;0.0
3;1700;SNACKPACK_STRAWBERRY;10464;37;10462;58;;;10482;37;10484;58;;;10473.0;0.0
3;1700;SNACKPACK_PISTACHIO;9513;37;9511;58;;;9529;37;9531;58;;;9521.0;0.0
3;1700;SNACKPACK_VANILLA;10028;37;10026;58;;;10045;37;10047;58;;;10036.5;0.0
3;1800;SNACKPACK_VANILLA;10034;22;10032;42;;;10051;22;10053;42;;;10042.5;0.0
3;1800;SNACKPACK_CHOCOLATE;9910;22;9908;42;;;9927;22;9929;42;;;9918.5;0.0
3;1800;SNACKPACK_RASPBERRY;10199;22;10197;42;;;10217;22;10219;42;;;10208.0;0.0
3;1800;SNACKPACK_PISTACHIO;9517;22;9515;42;;;9533;22;9535;42;;;9525.0;0.0
3;1800;SNACKPACK_STRAWBERRY;10466;22;10464;42;;;10484;22;10486;42;;;10475.0;0.0
3;1900;SNACKPACK_RASPBERRY;10204;27;10202;43;;;10221;27;10223;43;;;10212.5;0.0
3;1900;SNACKPACK_VANILLA;10034;27;10032;43;;;10051;27;10054;43;;;10042.5;0.0
3;1900;SNACKPACK_CHOCOLATE;9909;27;9907;43;;;9926;27;9928;43;;;9917.5;0.0
3;1900;SNACKPACK_PISTACHIO;9514;27;9512;43;;;9530;27;9532;43;;;9522.0;0.0
3;1900;SNACKPACK_STRAWBERRY;10464;27;10462;43;;;10482;27;10484;43;;;10473.0;0.0
3;2000;SNACKPACK_STRAWBERRY;10457;29;10455;55;;;10474;29;10476;55;;;10465.5;0.0
3;2000;SNACKPACK_RASPBERRY;10211;29;10209;55;;;10228;29;10230;55;;;10219.5;0.0
3;2000;SNACKPACK_CHOCOLATE;9906;29;9904;55;;;9923;29;9925;55;;;9914.5;0.0
3;2000;SNACKPACK_VANILLA;10037;29;10035;55;;;10054;29;10056;55;;;10045.5;0.0
3;2000;SNACKPACK_PISTACHIO;9507;29;9505;55;;;9523;29;9525;55;;;9515.0;0.0
3;2100;SNACKPACK_CHOCOLATE;9907;38;9905;41;;;9923;38;9925;41;;;9915.0;0.0
3;2100;SNACKPACK_STRAWBERRY;10457;38;10455;41;;;10475;38;10477;41;;;10466.0;0.0
3;2100;SNACKPACK_RASPBERRY;10210;38;10208;41;;;10228;38;10230;41;;;10219.0;0.0
3;2100;SNACKPACK_PISTACHIO;9507;38;9505;41;;;9523;38;9525;41;;;9515.0;0.0
3;2100;SNACKPACK_VANILLA;10036;38;10034;41;;;10053;38;10055;41;;;10044.5;0.0
3;2200;SNACKPACK_CHOCOLATE;9906;39;9904;60;;;9923;39;9925;60;;;9914.5;0.0
3;2200;SNACKPACK_STRAWBERRY;10452;39;10450;60;;;10470;39;10472;60;;;10461.0;0.0
3;2200;SNACKPACK_VANILLA;10037;39;10035;60;;;10054;39;10056;60;;;10045.5;0.0
3;2200;SNACKPACK_PISTACHIO;9503;39;9501;60;;;9519;39;9521;60;;;9511.0;0.0
3;2200;SNACKPACK_RASPBERRY;10212;39;10210;60;;;10230;39;10232;60;;;10221.0;0.0
3;2300;SNACKPACK_STRAWBERRY;10456;31;10454;54;;;10474;31;10476;54;;;10465.0;0.0
3;2300;SNACKPACK_PISTACHIO;9505;31;9503;54;;;9521;31;9523;54;;;9513.0;0.0
3;2300;SNACKPACK_VANILLA;10017;31;10015;54;;;10034;31;10036;54;;;10025.5;0.0
3;2300;SNACKPACK_RASPBERRY;10208;31;10206;54;;;10226;31;10228;54;;;10217.0;0.0
3;2300;SNACKPACK_CHOCOLATE;9924;31;9922;54;;;9941;31;9943;54;;;9932.5;0.0
3;2400;SNACKPACK_PISTACHIO;9510;26;9508;50;;;9526;26;9528;50;;;9518.0;0.0
3;2400;SNACKPACK_STRAWBERRY;10461;26;10458;50;;;10478;26;10480;50;;;10469.5;0.0
3;2400;SNACKPACK_RASPBERRY;10207;26;10205;50;;;10225;26;10227;50;;;10216.0;0.0
3;2400;SNACKPACK_VANILLA;10004;26;10002;50;;;10021;26;10023;50;;;10012.5;0.0
3;2400;SNACKPACK_CHOCOLATE;9937;26;9935;50;;;9954;26;9956;50;;;9945.5;0.0
3;2500;SNACKPACK_PISTACHIO;9508;36;9506;48;;;9524;36;9526;48;;;9516.0;0.0
3;2500;SNACKPACK_STRAWBERRY;10465;36;10463;48;;;10483;36;10485;48;;;10474.0;0.0
3;2500;SNACKPACK_RASPBERRY;10202;36;10200;48;;;10219;36;10221;48;;;10210.5;0.0
3;2500;SNACKPACK_VANILLA;10005;36;10003;48;;;10022;36;10024;48;;;10013.5;0.0
3;2500;SNACKPACK_CHOCOLATE;9935;36;9933;48;;;9952;36;9954;48;;;9943.5;0.0
3;2600;SNACKPACK_STRAWBERRY;10480;38;10478;49;;;10498;38;10500;49;;;10489.0;0.0
3;2600;SNACKPACK_CHOCOLATE;9933;38;9931;49;;;9950;38;9952;49;;;9941.5;0.0
3;2600;SNACKPACK_RASPBERRY;10185;38;10183;49;;;10202;38;10204;49;;;10193.5;0.0
3;2600;SNACKPACK_VANILLA;10008;38;10006;49;;;10025;38;10027;49;;;10016.5;0.0
3;2600;SNACKPACK_PISTACHIO;9520;38;9518;49;;;9536;38;9538;49;;;9528.0;0.0
3;2700;SNACKPACK_RASPBERRY;10173;24;10171;55;;;10191;24;10193;55;;;10182.0;0.0
3;2700;SNACKPACK_CHOCOLATE;9936;24;9934;55;;;9953;24;9955;55;;;9944.5;0.0
3;2700;SNACKPACK_STRAWBERRY;10491;24;10489;55;;;10509;24;10511;55;;;10500.0;0.0
3;2700;SNACKPACK_PISTACHIO;9524;24;9522;55;;;9540;24;9542;55;;;9532.0;0.0
3;2700;SNACKPACK_VANILLA;10005;24;10003;55;;;10022;24;10024;55;;;10013.5;0.0
3;2800;SNACKPACK_VANILLA;10010;26;10008;47;;;10027;26;10029;47;;;10018.5;0.0
3;2800;SNACKPACK_RASPBERRY;10179;26;10177;47;;;10197;26;10199;47;;;10188.0;0.0
3;2800;SNACKPACK_CHOCOLATE;9929;26;9927;47;;;9946;26;9948;47;;;9937.5;0.0
3;2800;SNACKPACK_STRAWBERRY;10484;26;10482;47;;;10502;26;10504;47;;;10493.0;0.0
3;2800;SNACKPACK_PISTACHIO;9520;26;9518;47;;;9536;26;9538;47;;;9528.0;0.0
3;2900;SNACKPACK_VANILLA;10008;30;10006;57;;;10025;30;10027;57;;;10016.5;0.0
3;2900;SNACKPACK_CHOCOLATE;9931;30;9929;57;;;9948;30;9950;57;;;9939.5;0.0
3;2900;SNACKPACK_RASPBERRY;10182;30;10180;57;;;10200;30;10202;57;;;10191.0;0.0
3;2900;SNACKPACK_PISTACHIO;9519;30;9517;57;;;9535;30;9537;57;;;9527.0;0.0
3;2900;SNACKPACK_STRAWBERRY;10486;30;10484;57;;;10504;30;10506;57;;;10495.0;0.0
3;3000;SNACKPACK_RASPBERRY;10170;39;10168;48;;;10188;39;10190;48;;;10179.0;0.0
3;3000;SNACKPACK_VANILLA;10007;39;10005;48;;;10024;39;10026;48;;;10015.5;0.0
3;3000;SNACKPACK_CHOCOLATE;9930;39;9928;48;;;9947;39;9949;48;;;9938.5;0.0
3;3000;SNACKPACK_PISTACHIO;9522;39;9521;48;;;9539;39;9541;48;;;9530.5;0.0
3;3000;SNACKPACK_STRAWBERRY;10497;39;10495;48;;;10515;39;10517;48;;;10506.0;0.0
3;3100;SNACKPACK_STRAWBERRY;10499;38;10496;50;;;10516;38;10518;50;;;10507.5;0.0
3;3100;SNACKPACK_RASPBERRY;10168;38;10166;50;;;10185;38;10187;50;;;10176.5;0.0
3;3100;SNACKPACK_CHOCOLATE;9935;38;9934;50;;;9952;38;9954;50;;;9943.5;0.0
3;3100;SNACKPACK_VANILLA;10001;38;9999;50;;;10018;38;10020;50;;;10009.5;0.0
3;3100;SNACKPACK_PISTACHIO;9522;38;9520;50;;;9538;38;9540;50;;;9530.0;0.0
3;3200;SNACKPACK_CHOCOLATE;9929;24;9927;42;;;9946;24;9948;42;;;9937.5;0.0
3;3200;SNACKPACK_STRAWBERRY;10503;24;10501;42;;;10521;24;10523;42;;;10512.0;0.0
3;3200;SNACKPACK_PISTACHIO;9522;24;9520;42;;;9539;24;9540;42;;;9530.5;0.0
3;3200;SNACKPACK_VANILLA;10007;24;10005;42;;;10024;24;10026;42;;;10015.5;0.0
3;3200;SNACKPACK_RASPBERRY;10163;24;10161;42;;;10181;24;10183;42;;;10172.0;0.0
3;3300;SNACKPACK_CHOCOLATE;9941;36;9939;56;;;9958;36;9960;56;;;9949.5;0.0
3;3300;SNACKPACK_STRAWBERRY;10502;36;10500;56;;;10520;36;10522;56;;;10511.0;0.0
3;3300;SNACKPACK_VANILLA;9995;36;9993;56;;;10012;36;10014;56;;;10003.5;0.0
3;3300;SNACKPACK_PISTACHIO;9522;36;9520;56;;;9539;36;9540;56;;;9530.5;0.0
3;3300;SNACKPACK_RASPBERRY;10168;36;10166;56;;;10185;36;10187;56;;;10176.5;0.0
3;3400;SNACKPACK_PISTACHIO;9522;23;9520;52;;;9538;23;9540;52;;;9530.0;0.0
3;3400;SNACKPACK_STRAWBERRY;10507;23;10505;52;;;10525;23;10527;52;;;10516.0;0.0
3;3400;SNACKPACK_VANILLA;9996;23;9994;52;;;10013;23;10015;52;;;10004.5;0.0
3;3400;SNACKPACK_CHOCOLATE;9939;23;9937;52;;;9956;23;9958;52;;;9947.5;0.0
3;3400;SNACKPACK_RASPBERRY;10164;23;10162;52;;;10181;23;10184;52;;;10172.5;0.0
3;3500;SNACKPACK_PISTACHIO;9524;39;9522;57;;;9540;39;9542;57;;;9532.0;0.0
3;3500;SNACKPACK_STRAWBERRY;10511;39;10509;57;;;10529;39;10531;57;;;10520.0;0.0
3;3500;SNACKPACK_RASPBERRY;10157;39;10155;57;;;10174;39;10176;57;;;10165.5;0.0
3;3500;SNACKPACK_VANILLA;9997;39;9995;57;;;10014;39;10016;57;;;10005.5;0.0
3;3500;SNACKPACK_CHOCOLATE;9937;39;9935;57;;;9954;39;9956;57;;;9945.5;0.0
3;3600;SNACKPACK_PISTACHIO;9518;30;9516;43;;;9535;30;9536;43;;;9526.5;0.0
3;3600;SNACKPACK_STRAWBERRY;10505;30;10503;43;;;10523;30;10525;43;;;10514.0;0.0
3;3600;SNACKPACK_RASPBERRY;10162;30;10160;43;;;10179;30;10181;43;;;10170.5;0.0
3;3600;SNACKPACK_CHOCOLATE;9941;30;9939;43;;;9958;30;9960;43;;;9949.5;0.0
3;3600;SNACKPACK_VANILLA;9992;30;9990;43;;;10009;30;10011;43;;;10000.5;0.0
3;3700;SNACKPACK_CHOCOLATE;9952;22;9950;48;;;9969;22;9971;48;;;9960.5;0.0
3;3700;SNACKPACK_RASPBERRY;10158;22;10156;48;;;10175;22;10177;48;;;10166.5;0.0
3;3700;SNACKPACK_STRAWBERRY;10505;22;10503;48;;;10523;22;10525;48;;;10514.0;0.0
3;3700;SNACKPACK_VANILLA;9980;22;9978;48;;;9997;22;9999;48;;;9988.5;0.0
3;3700;SNACKPACK_PISTACHIO;9520;22;9518;48;;;9536;22;9538;48;;;9528.0;0.0
3;3800;SNACKPACK_RASPBERRY;10164;22;10162;53;;;10182;22;10184;53;;;10173.0;0.0
3;3800;SNACKPACK_CHOCOLATE;9953;22;9951;53;;;9970;22;9972;53;;;9961.5;0.0
3;3800;SNACKPACK_STRAWBERRY;10502;22;10500;53;;;10520;22;10522;53;;;10511.0;0.0
3;3800;SNACKPACK_VANILLA;9977;22;9975;53;;;9994;22;9996;53;;;9985.5;0.0
3;3800;SNACKPACK_PISTACHIO;9517;22;9515;53;;;9533;22;9535;53;;;9525.0;0.0
3;3900;SNACKPACK_VANILLA;9974;21;9972;47;;;9991;21;9993;47;;;9982.5;0.0
3;3900;SNACKPACK_RASPBERRY;10179;21;10177;47;;;10197;21;10199;47;;;10188.0;0.0
3;3900;SNACKPACK_CHOCOLATE;9956;21;9954;47;;;9973;21;9975;47;;;9964.5;0.0
3;3900;SNACKPACK_STRAWBERRY;10485;21;10483;47;;;10503;21;10505;47;;;10494.0;0.0
3;3900;SNACKPACK_PISTACHIO;9505;21;9503;47;;;9521;21;9523;47;;;9513.0;0.0
3;4000;SNACKPACK_RASPBERRY;10183;28;10180;53;;;10200;28;10202;53;;;10191.5;0.0
3;4000;SNACKPACK_VANILLA;9977;28;9975;53;;;9994;28;9996;53;;;9985.5;0.0
3;4000;SNACKPACK_CHOCOLATE;9954;28;9952;53;;;9971;28;9973;53;;;9962.5;0.0
3;4000;SNACKPACK_PISTACHIO;9500;28;9498;53;;;9516;28;9518;53;;;9508.0;0.0
3;4000;SNACKPACK_STRAWBERRY;10481;28;10479;53;;;10499;28;10501;53;;;10490.0;0.0
3;4100;SNACKPACK_RASPBERRY;10180;22;10178;43;;;10197;22;10199;43;;;10188.5;0.0
3;4100;SNACKPACK_STRAWBERRY;10484;22;10482;43;;;10502;22;10504;43;;;10493.0;0.0
3;4100;SNACKPACK_VANILLA;9972;22;9970;43;;;9989;22;9991;43;;;9980.5;0.0
3;4100;SNACKPACK_CHOCOLATE;9959;22;9957;43;;;9976;22;9978;43;;;9967.5;0.0
3;4100;SNACKPACK_PISTACHIO;9503;22;9501;43;;;9519;22;9521;43;;;9511.0;0.0
3;4200;SNACKPACK_STRAWBERRY;10484;27;10481;45;;;10501;27;10503;45;;;10492.5;0.0
3;4200;SNACKPACK_CHOCOLATE;9958;27;9956;45;;;9975;27;9977;45;;;9966.5;0.0
3;4200;SNACKPACK_RASPBERRY;10180;27;10178;45;;;10198;27;10200;45;;;10189.0;0.0
3;4200;SNACKPACK_VANILLA;9973;27;9971;45;;;9990;27;9992;45;;;9981.5;0.0
3;4200;SNACKPACK_PISTACHIO;9502;27;9500;45;;;9519;27;9520;45;;;9510.5;0.0
3;4300;SNACKPACK_CHOCOLATE;9953;33;9951;54;;;9970;33;9972;54;;;9961.5;0.0
3;4300;SNACKPACK_STRAWBERRY;10475;33;10473;54;;;10493;33;10495;54;;;10484.0;0.0
3;4300;SNACKPACK_PISTACHIO;9496;33;9494;54;;;9512;33;9514;54;;;9504.0;0.0
3;4300;SNACKPACK_VANILLA;9979;33;9977;54;;;9996;33;9998;54;;;9987.5;0.0
3;4300;SNACKPACK_RASPBERRY;10192;33;10190;54;;;10209;33;10211;54;;;10200.5;0.0
3;4400;SNACKPACK_STRAWBERRY;10485;6;10477;26;10475;53;10495;26;10497;53;;;10490.0;0.0
3;4400;SNACKPACK_PISTACHIO;9504;6;9496;26;9494;53;9512;26;9514;53;;;9508.0;0.0
3;4400;SNACKPACK_VANILLA;9988;6;9980;26;9978;53;9997;26;9999;53;;;9992.5;0.0
3;4400;SNACKPACK_RASPBERRY;10198;6;10189;26;10187;53;10207;26;10209;53;;;10202.5;0.0
3;4400;SNACKPACK_CHOCOLATE;9959;6;9951;26;9949;53;9968;26;9970;53;;;9963.5;0.0
3;4500;SNACKPACK_PISTACHIO;9498;38;9496;49;;;9506;3;9514;38;9516;49;9502.0;0.0
3;4500;SNACKPACK_STRAWBERRY;10481;38;10479;49;;;10489;3;10499;38;10501;49;10485.0;0.0
3;4500;SNACKPACK_VANILLA;9981;38;9979;49;;;9989;3;9998;38;10000;49;9985.0;0.0
3;4500;SNACKPACK_CHOCOLATE;9950;38;9948;49;;;9958;3;9967;38;9969;49;9954.0;0.0
3;4500;SNACKPACK_RASPBERRY;10184;38;10182;49;;;10192;3;10202;38;10204;49;10188.0;0.0
3;4600;SNACKPACK_PISTACHIO;9495;29;9493;55;;;9511;29;9513;55;;;9503.0;0.0
3;4600;SNACKPACK_STRAWBERRY;10481;29;10479;55;;;10499;29;10501;55;;;10490.0;0.0
3;4600;SNACKPACK_RASPBERRY;10186;29;10184;55;;;10204;29;10206;55;;;10195.0;0.0
3;4600;SNACKPACK_VANILLA;9980;29;9978;55;;;9997;29;9999;55;;;9988.5;0.0
3;4600;SNACKPACK_CHOCOLATE;9954;29;9952;55;;;9971;29;9973;55;;;9962.5;0.0
3;4700;SNACKPACK_PISTACHIO;9500;40;9498;60;;;9516;40;9518;60;;;9508.0;0.0
3;4700;SNACKPACK_STRAWBERRY;10497;40;10495;60;;;10515;40;10517;60;;;10506.0;0.0
3;4700;SNACKPACK_RASPBERRY;10168;40;10166;60;;;10186;40;10188;60;;;10177.0;0.0
3;4700;SNACKPACK_CHOCOLATE;9950;40;9948;60;;;9967;40;9969;60;;;9958.5;0.0
3;4700;SNACKPACK_VANILLA;9985;40;9983;60;;;10002;40;10004;60;;;9993.5;0.0
3;4800;SNACKPACK_RASPBERRY;10170;32;10168;52;;;10187;32;10189;52;;;10178.5;0.0
3;4800;SNACKPACK_CHOCOLATE;9952;32;9950;52;;;9969;32;9971;52;;;9960.5;0.0
3;4800;SNACKPACK_STRAWBERRY;10494;32;10492;52;;;10512;32;10514;52;;;10503.0;0.0
3;4800;SNACKPACK_PISTACHIO;9499;32;9497;52;;;9515;32;9517;52;;;9507.0;0.0
3;4800;SNACKPACK_VANILLA;9982;32;9980;52;;;9999;32;10001;52;;;9990.5;0.0
3;4900;SNACKPACK_RASPBERRY;10168;27;10166;60;;;10186;27;10188;60;;;10177.0;0.0
3;4900;SNACKPACK_CHOCOLATE;9965;27;9963;60;;;9982;27;9984;60;;;9973.5;0.0
3;4900;SNACKPACK_STRAWBERRY;10499;27;10497;60;;;10517;27;10519;60;;;10508.0;0.0
3;4900;SNACKPACK_VANILLA;9969;27;9967;60;;;9986;27;9988;60;;;9977.5;0.0
3;4900;SNACKPACK_PISTACHIO;9502;27;9500;60;;;9518;27;9520;60;;;9510.0;0.0
3;5000;SNACKPACK_VANILLA;9972;26;9970;58;;;9989;26;9991;58;;;9980.5;0.0
3;5000;SNACKPACK_CHOCOLATE;9962;26;9960;58;;;9979;26;9981;58;;;9970.5;0.0
3;5000;SNACKPACK_RASPBERRY;10170;26;10168;58;;;10187;26;10190;58;;;10178.5;0.0
3;5000;SNACKPACK_PISTACHIO;9501;26;9499;58;;;9517;26;9519;58;;;9509.0;0.0
3;5000;SNACKPACK_STRAWBERRY;10498;26;10496;58;;;10516;26;10518;58;;;10507.0;0.0
3;5100;SNACKPACK_RASPBERRY;10170;25;10168;42;;;10187;25;10189;42;;;10178.5;0.0
3;5100;SNACKPACK_VANILLA;9974;25;9972;42;;;9991;25;9993;42;;;9982.5;0.0
3;5100;SNACKPACK_CHOCOLATE;9960;25;9958;42;;;9977;25;9979;42;;;9968.5;0.0
3;5100;SNACKPACK_PISTACHIO;9501;25;9499;42;;;9517;25;9519;42;;;9509.0;0.0
3;5100;SNACKPACK_STRAWBERRY;10499;25;10497;42;;;10517;25;10519;42;;;10508.0;0.0
3;5200;SNACKPACK_STRAWBERRY;10493;40;10490;53;;;10510;40;10512;53;;;10501.5;0.0
3;5200;SNACKPACK_RASPBERRY;10183;40;10181;53;;;10200;40;10202;53;;;10191.5;0.0
3;5200;SNACKPACK_CHOCOLATE;9949;40;9947;53;;;9966;40;9968;53;;;9957.5;0.0
3;5200;SNACKPACK_VANILLA;9985;40;9983;53;;;10002;40;10004;53;;;9993.5;0.0
3;5200;SNACKPACK_PISTACHIO;9496;40;9494;53;;;9512;40;9514;53;;;9504.0;0.0
3;5300;SNACKPACK_CHOCOLATE;9948;21;9946;59;;;9965;21;9967;59;;;9956.5;0.0
3;5300;SNACKPACK_RASPBERRY;10169;21;10167;59;;;10186;21;10188;59;;;10177.5;0.0
3;5300;SNACKPACK_STRAWBERRY;10507;21;10505;59;;;10525;21;10527;59;;;10516.0;0.0
3;5300;SNACKPACK_VANILLA;9983;21;9981;59;;;10000;21;10002;59;;;9991.5;0.0
3;5300;SNACKPACK_PISTACHIO;9506;21;9505;59;;;9523;21;9525;59;;;9514.5;0.0
3;5400;SNACKPACK_CHOCOLATE;9953;28;9951;53;;;9970;28;9972;53;;;9961.5;0.0
3;5400;SNACKPACK_STRAWBERRY;10510;28;10507;53;;;10527;28;10529;53;;;10518.5;0.0
3;5400;SNACKPACK_VANILLA;9975;28;9973;53;;;9992;28;9994;53;;;9983.5;0.0
3;5400;SNACKPACK_PISTACHIO;9512;28;9510;53;;;9528;28;9530;53;;;9520.0;0.0
3;5400;SNACKPACK_RASPBERRY;10168;28;10166;53;;;10185;28;10187;53;;;10176.5;0.0
3;5500;SNACKPACK_STRAWBERRY;10514;20;10512;60;;;10532;20;10534;60;;;10523.0;0.0
3;5500;SNACKPACK_PISTACHIO;9511;20;9509;60;;;9527;20;9529;60;;;9519.0;0.0
3;5500;SNACKPACK_VANILLA;9976;20;9974;60;;;9993;20;9995;60;;;9984.5;0.0
3;5500;SNACKPACK_RASPBERRY;10162;20;10160;60;;;10179;20;10181;60;;;10170.5;0.0
3;5500;SNACKPACK_CHOCOLATE;9953;20;9951;60;;;9970;20;9972;60;;;9961.5;0.0
3;5600;SNACKPACK_PISTACHIO;9512;26;9510;56;;;9528;26;9530;56;;;9520.0;0.0
3;5600;SNACKPACK_STRAWBERRY;10516;26;10514;56;;;10534;26;10536;56;;;10525.0;0.0
3;5600;SNACKPACK_RASPBERRY;10162;26;10160;56;;;10179;26;10181;56;;;10170.5;0.0
3;5600;SNACKPACK_VANILLA;9987;26;9985;56;;;10004;26;10006;56;;;9995.5;0.0
3;5600;SNACKPACK_CHOCOLATE;9946;26;9944;56;;;9963;26;9965;56;;;9954.5;0.0
3;5700;SNACKPACK_PISTACHIO;9508;26;9506;59;;;9524;26;9526;59;;;9516.0;0.0
3;5700;SNACKPACK_RASPBERRY;10174;26;10172;59;;;10191;26;10194;59;;;10182.5;0.0
3;5700;SNACKPACK_STRAWBERRY;10503;26;10501;59;;;10521;26;10523;59;;;10512.0;0.0
3;5700;SNACKPACK_VANILLA;9987;26;9985;59;;;10004;26;10006;59;;;9995.5;0.0
3;5700;SNACKPACK_CHOCOLATE;9946;26;9944;59;;;9963;26;9965;59;;;9954.5;0.0
3;5800;SNACKPACK_STRAWBERRY;10500;27;10498;41;;;10518;27;10520;41;;;10509.0;0.0
3;5800;SNACKPACK_CHOCOLATE;9936;27;9934;41;;;9953;27;9955;41;;;9944.5;0.0
3;5800;SNACKPACK_RASPBERRY;10176;27;10174;41;;;10193;27;10195;41;;;10184.5;0.0
3;5800;SNACKPACK_VANILLA;9997;27;9995;41;;;10014;27;10016;41;;;10005.5;0.0
3;5800;SNACKPACK_PISTACHIO;9504;27;9502;41;;;9521;27;9523;41;;;9512.5;0.0
3;5900;SNACKPACK_RASPBERRY;10174;21;10172;54;;;10192;21;10194;54;;;10183.0;0.0
3;5900;SNACKPACK_CHOCOLATE;9945;21;9943;54;;;9962;21;9964;54;;;9953.5;0.0
3;5900;SNACKPACK_STRAWBERRY;10498;21;10496;54;;;10516;21;10518;54;;;10507.0;0.0
3;5900;SNACKPACK_PISTACHIO;9502;21;9500;54;;;9519;21;9521;54;;;9510.5;0.0
3;5900;SNACKPACK_VANILLA;9989;21;9987;54;;;10006;21;10008;54;;;9997.5;0.0
3;6000;SNACKPACK_VANILLA;9983;20;9981;49;;;10000;20;10002;49;;;9991.5;0.0
3;6000;SNACKPACK_RASPBERRY;10174;20;10172;49;;;10191;20;10193;49;;;10182.5;0.0
3;6000;SNACKPACK_CHOCOLATE;9950;20;9948;49;;;9967;20;9969;49;;;9958.5;0.0
3;6000;SNACKPACK_STRAWBERRY;10502;20;10500;49;;;10520;20;10522;49;;;10511.0;0.0
3;6000;SNACKPACK_PISTACHIO;9505;20;9503;49;;;9521;20;9523;49;;;9513.0;0.0
3;6100;SNACKPACK_VANILLA;9978;23;9976;47;;;9995;23;9997;47;;;9986.5;0.0
3;6100;SNACKPACK_CHOCOLATE;9956;23;9954;47;;;9973;23;9975;47;;;9964.5;0.0
3;6100;SNACKPACK_RASPBERRY;10160;23;10158;47;;;10178;23;10180;47;;;10169.0;0.0
3;6100;SNACKPACK_PISTACHIO;9515;23;9513;47;;;9531;23;9533;47;;;9523.0;0.0
3;6100;SNACKPACK_STRAWBERRY;10520;23;10518;47;;;10538;23;10540;47;;;10529.0;0.0
3;6200;SNACKPACK_RASPBERRY;10162;34;10159;57;;;10179;34;10181;57;;;10170.5;0.0
3;6200;SNACKPACK_VANILLA;9977;34;9975;57;;;9994;34;9996;57;;;9985.5;0.0
3;6200;SNACKPACK_CHOCOLATE;9954;34;9952;57;;;9971;34;9973;57;;;9962.5;0.0
3;6200;SNACKPACK_PISTACHIO;9512;34;9510;57;;;9529;34;9530;57;;;9520.5;0.0
3;6200;SNACKPACK_STRAWBERRY;10520;34;10517;57;;;10537;34;10539;57;;;10528.5;0.0
3;6300;SNACKPACK_STRAWBERRY;10501;37;10499;47;;;10519;37;10521;47;;;10510.0;0.0
3;6300;SNACKPACK_RASPBERRY;10179;37;10176;47;;;10196;37;10198;47;;;10187.5;0.0
3;6300;SNACKPACK_CHOCOLATE;9956;37;9954;47;;;9973;37;9975;47;;;9964.5;0.0
3;6300;SNACKPACK_VANILLA;9976;37;9974;47;;;9993;37;9995;47;;;9984.5;0.0
3;6300;SNACKPACK_PISTACHIO;9506;37;9504;47;;;9522;37;9524;47;;;9514.0;0.0
3;6400;SNACKPACK_CHOCOLATE;9950;31;9948;53;;;9967;31;9969;53;;;9958.5;0.0
3;6400;SNACKPACK_STRAWBERRY;10511;31;10509;53;;;10529;31;10531;53;;;10520.0;0.0
3;6400;SNACKPACK_PISTACHIO;9511;31;9509;53;;;9528;31;9529;53;;;9519.5;0.0
3;6400;SNACKPACK_VANILLA;9986;31;9984;53;;;10003;31;10005;53;;;9994.5;0.0
3;6400;SNACKPACK_RASPBERRY;10175;31;10173;53;;;10192;31;10194;53;;;10183.5;0.0
3;6500;SNACKPACK_CHOCOLATE;9946;38;9944;57;;;9963;38;9965;57;;;9954.5;0.0
3;6500;SNACKPACK_STRAWBERRY;10510;38;10508;57;;;10528;38;10530;57;;;10519.0;0.0
3;6500;SNACKPACK_VANILLA;9988;38;9986;57;;;10005;38;10007;57;;;9996.5;0.0
3;6500;SNACKPACK_PISTACHIO;9515;38;9513;57;;;9532;38;9533;57;;;9523.5;0.0
3;6500;SNACKPACK_RASPBERRY;10174;38;10172;57;;;10191;38;10193;57;;;10182.5;0.0
3;6600;SNACKPACK_PISTACHIO;9520;40;9518;53;;;9537;40;9538;53;;;9528.5;0.0
3;6600;SNACKPACK_STRAWBERRY;10513;40;10511;53;;;10531;40;10533;53;;;10522.0;0.0
3;6600;SNACKPACK_VANILLA;9988;40;9986;53;;;10005;40;10007;53;;;9996.5;0.0
3;6600;SNACKPACK_CHOCOLATE;9946;40;9944;53;;;9963;40;9965;53;;;9954.5;0.0
3;6600;SNACKPACK_RASPBERRY;10173;40;10171;53;;;10190;40;10192;53;;;10181.5;0.0
3;6700;SNACKPACK_PISTACHIO;9525;36;9523;58;;;9541;36;9543;58;;;9533.0;0.0
3;6700;SNACKPACK_STRAWBERRY;10524;36;10522;58;;;10541;36;10544;58;;;10532.5;0.0
3;6700;SNACKPACK_RASPBERRY;10160;36;10158;58;;;10177;36;10179;58;;;10168.5;0.0
3;6700;SNACKPACK_VANILLA;9983;36;9981;58;;;10000;36;10002;58;;;9991.5;0.0
3;6700;SNACKPACK_CHOCOLATE;9952;36;9950;58;;;9969;36;9971;58;;;9960.5;0.0
3;6800;SNACKPACK_PISTACHIO;9528;27;9526;52;;;9544;27;9546;52;;;9536.0;0.0
3;6800;SNACKPACK_STRAWBERRY;10524;27;10522;52;;;10542;27;10544;52;;;10533.0;0.0
3;6800;SNACKPACK_RASPBERRY;10159;27;10157;52;;;10176;27;10178;52;;;10167.5;0.0
3;6800;SNACKPACK_CHOCOLATE;9954;27;9952;52;;;9970;27;9972;52;;;9962.0;0.0
3;6800;SNACKPACK_VANILLA;9981;27;9979;52;;;9998;27;10000;52;;;9989.5;0.0
3;6900;SNACKPACK_CHOCOLATE;9951;26;9949;44;;;9968;26;9970;44;;;9959.5;0.0
3;6900;SNACKPACK_RASPBERRY;10150;26;10148;44;;;10167;26;10169;44;;;10158.5;0.0
3;6900;SNACKPACK_STRAWBERRY;10536;26;10534;44;;;10554;26;10556;44;;;10545.0;0.0
3;6900;SNACKPACK_VANILLA;9984;26;9982;44;;;10001;26;10003;44;;;9992.5;0.0
3;6900;SNACKPACK_PISTACHIO;9534;26;9532;44;;;9550;26;9552;44;;;9542.0;0.0
3;7000;SNACKPACK_RASPBERRY;10141;30;10139;54;;;10158;30;10160;54;;;10149.5;0.0
3;7000;SNACKPACK_CHOCOLATE;9940;30;9938;54;;;9957;30;9958;54;;;9948.5;0.0
3;7000;SNACKPACK_STRAWBERRY;10543;30;10541;54;;;10561;30;10563;54;;;10552.0;0.0
3;7000;SNACKPACK_VANILLA;9997;30;9995;54;;;10014;30;10016;54;;;10005.5;0.0
3;7000;SNACKPACK_PISTACHIO;9537;30;9535;54;;;9553;30;9555;54;;;9545.0;0.0
3;7100;SNACKPACK_VANILLA;10005;21;10003;43;;;10022;21;10024;43;;;10013.5;0.0
3;7100;SNACKPACK_RASPBERRY;10151;21;10149;43;;;10168;21;10170;43;;;10159.5;0.0
3;7100;SNACKPACK_CHOCOLATE;9933;21;9931;43;;;9950;21;9952;43;;;9941.5;0.0
3;7100;SNACKPACK_STRAWBERRY;10535;21;10533;43;;;10553;21;10555;43;;;10544.0;0.0
3;7100;SNACKPACK_PISTACHIO;9535;21;9533;43;;;9552;21;9554;43;;;9543.5;0.0
3;7200;SNACKPACK_RASPBERRY;10144;25;10142;53;;;10162;25;10164;53;;;10153.0;0.0
3;7200;SNACKPACK_VANILLA;10011;25;10009;53;;;10028;25;10030;53;;;10019.5;0.0
3;7200;SNACKPACK_CHOCOLATE;9926;25;9924;53;;;9943;25;9945;53;;;9934.5;0.0
3;7200;SNACKPACK_PISTACHIO;9539;25;9537;53;;;9556;25;9557;53;;;9547.5;0.0
3;7200;SNACKPACK_STRAWBERRY;10543;25;10541;53;;;10561;25;10563;53;;;10552.0;0.0
3;7300;SNACKPACK_RASPBERRY;10142;22;10140;43;;;10159;22;10161;43;;;10150.5;0.0
3;7300;SNACKPACK_STRAWBERRY;10544;22;10542;43;;;10562;22;10564;43;;;10553.0;0.0
3;7300;SNACKPACK_VANILLA;10005;22;10003;43;;;10022;22;10024;43;;;10013.5;0.0
3;7300;SNACKPACK_CHOCOLATE;9931;22;9929;43;;;9948;22;9950;43;;;9939.5;0.0
3;7300;SNACKPACK_PISTACHIO;9539;22;9537;43;;;9556;22;9557;43;;;9547.5;0.0
3;7400;SNACKPACK_STRAWBERRY;10532;22;10529;54;;;10549;22;10552;54;;;10540.5;0.0
3;7400;SNACKPACK_CHOCOLATE;9920;22;9918;54;;;9937;22;9939;54;;;9928.5;0.0
3;7400;SNACKPACK_RASPBERRY;10152;22;10150;54;;;10169;22;10171;54;;;10160.5;0.0
3;7400;SNACKPACK_VANILLA;10014;22;10012;54;;;10031;22;10033;54;;;10022.5;0.0
3;7400;SNACKPACK_PISTACHIO;9534;22;9532;54;;;9550;22;9552;54;;;9542.0;0.0
3;7500;SNACKPACK_CHOCOLATE;9921;35;9919;50;;;9938;35;9940;50;;;9929.5;0.0
3;7500;SNACKPACK_STRAWBERRY;10535;35;10533;50;;;10553;35;10555;50;;;10544.0;0.0
3;7500;SNACKPACK_PISTACHIO;9533;35;9531;50;;;9549;35;9551;50;;;9541.0;0.0
3;7500;SNACKPACK_VANILLA;10014;35;10012;50;;;10031;35;10033;50;;;10022.5;0.0
3;7500;SNACKPACK_RASPBERRY;10148;35;10146;50;;;10166;35;10168;50;;;10157.0;0.0
3;7600;SNACKPACK_CHOCOLATE;9935;35;9933;47;;;9952;35;9954;47;;;9943.5;0.0
3;7600;SNACKPACK_STRAWBERRY;10539;35;10536;47;;;10556;35;10559;47;;;10547.5;0.0
3;7600;SNACKPACK_PISTACHIO;9534;35;9532;47;;;9550;35;9552;47;;;9542.0;0.0
3;7600;SNACKPACK_VANILLA;10001;35;9999;47;;;10018;35;10020;47;;;10009.5;0.0
3;7600;SNACKPACK_RASPBERRY;10144;35;10142;47;;;10161;35;10163;47;;;10152.5;0.0
3;7700;SNACKPACK_PISTACHIO;9543;25;9541;59;;;9559;25;9561;59;;;9551.0;0.0
3;7700;SNACKPACK_CHOCOLATE;9932;25;9930;59;;;9949;25;9951;59;;;9940.5;0.0
3;7700;SNACKPACK_STRAWBERRY;10551;25;10549;59;;;10569;25;10571;59;;;10560.0;0.0
3;7700;SNACKPACK_VANILLA;10004;25;10002;59;;;10021;25;10023;59;;;10012.5;0.0
3;7700;SNACKPACK_RASPBERRY;10133;25;10131;59;;;10150;25;10152;59;;;10141.5;0.0
3;7800;SNACKPACK_CHOCOLATE;9931;24;9929;46;;;9948;24;9949;46;;;9939.5;0.0
3;7800;SNACKPACK_PISTACHIO;9551;24;9549;46;;;9567;24;9569;46;;;9559.0;0.0
3;7800;SNACKPACK_STRAWBERRY;10562;24;10560;46;;;10580;24;10582;46;;;10571.0;0.0
3;7800;SNACKPACK_RASPBERRY;10124;24;10122;46;;;10142;24;10144;46;;;10133.0;0.0
3;7800;SNACKPACK_VANILLA;10006;24;10004;46;;;10023;24;10025;46;;;10014.5;0.0
3;7900;SNACKPACK_PISTACHIO;9545;38;9543;45;;;9561;38;9563;45;;;9553.0;0.0
3;7900;SNACKPACK_CHOCOLATE;9935;38;9933;45;;;9952;38;9954;45;;;9943.5;0.0
3;7900;SNACKPACK_STRAWBERRY;10549;38;10547;45;;;10567;38;10569;45;;;10558.0;0.0
3;7900;SNACKPACK_RASPBERRY;10139;38;10137;45;;;10156;38;10158;45;;;10147.5;0.0
3;7900;SNACKPACK_VANILLA;10003;38;10001;45;;;10020;38;10022;45;;;10011.5;0.0
3;8000;SNACKPACK_RASPBERRY;10147;26;10145;48;;;10165;26;10167;48;;;10156.0;0.0
3;8000;SNACKPACK_CHOCOLATE;9939;26;9937;48;;;9956;26;9958;48;;;9947.5;0.0
3;8000;SNACKPACK_STRAWBERRY;10541;26;10539;48;;;10559;26;10561;48;;;10550.0;0.0
3;8000;SNACKPACK_PISTACHIO;9537;26;9535;48;;;9554;26;9555;48;;;9545.5;0.0
3;8000;SNACKPACK_VANILLA;9999;26;9997;48;;;10016;26;10018;48;;;10007.5;0.0
3;8100;SNACKPACK_RASPBERRY;10146;20;10144;54;;;10154;5;10163;20;10165;54;10150.0;0.0
3;8100;SNACKPACK_CHOCOLATE;9932;20;9930;54;;;9940;5;9949;20;9951;54;9936.0;0.0
3;8100;SNACKPACK_STRAWBERRY;10542;20;10540;54;;;10551;5;10560;20;10562;54;10546.5;0.0
3;8100;SNACKPACK_VANILLA;10005;20;10003;54;;;10013;5;10022;20;10024;54;10009.0;0.0
3;8100;SNACKPACK_PISTACHIO;9535;20;9533;54;;;9543;5;9551;20;9553;54;9539.0;0.0
3;8200;SNACKPACK_VANILLA;10000;38;9998;58;;;10017;38;10019;58;;;10008.5;0.0
3;8200;SNACKPACK_RASPBERRY;10158;38;10156;58;;;10175;38;10177;58;;;10166.5;0.0
3;8200;SNACKPACK_CHOCOLATE;9936;38;9934;58;;;9953;38;9955;58;;;9944.5;0.0
3;8200;SNACKPACK_PISTACHIO;9529;38;9527;58;;;9545;38;9547;58;;;9537.0;0.0
3;8200;SNACKPACK_STRAWBERRY;10525;38;10523;58;;;10543;38;10545;58;;;10534.0;0.0
3;8300;SNACKPACK_RASPBERRY;10149;29;10147;46;;;10166;29;10168;46;;;10157.5;0.0
3;8300;SNACKPACK_VANILLA;10005;29;10003;46;;;10022;29;10024;46;;;10013.5;0.0
3;8300;SNACKPACK_PISTACHIO;9532;29;9530;46;;;9548;29;9550;46;;;9540.0;0.0
3;8300;SNACKPACK_CHOCOLATE;9928;29;9926;46;;;9944;29;9946;46;;;9936.0;0.0
3;8300;SNACKPACK_STRAWBERRY;10534;29;10531;46;;;10551;29;10553;46;;;10542.5;0.0
3;8400;SNACKPACK_STRAWBERRY;10529;24;10527;54;;;10547;24;10549;54;;;10538.0;0.0
3;8400;SNACKPACK_RASPBERRY;10154;24;10151;54;;;10171;24;10173;54;;;10162.5;0.0
3;8400;SNACKPACK_VANILLA;10013;24;10011;54;;;10030;24;10032;54;;;10021.5;0.0
3;8400;SNACKPACK_PISTACHIO;9530;24;9528;54;;;9546;24;9548;54;;;9538.0;0.0
3;8400;SNACKPACK_CHOCOLATE;9919;24;9917;54;;;9936;24;9938;54;;;9927.5;0.0
3;8500;SNACKPACK_STRAWBERRY;10525;38;10523;52;;;10543;38;10545;52;;;10534.0;0.0
3;8500;SNACKPACK_RASPBERRY;10156;38;10154;52;;;10173;38;10175;52;;;10164.5;0.0
3;8500;SNACKPACK_VANILLA;10017;38;10015;52;;;10034;38;10036;52;;;10025.5;0.0
3;8500;SNACKPACK_PISTACHIO;9531;38;9529;52;;;9547;38;9549;52;;;9539.0;0.0
3;8500;SNACKPACK_CHOCOLATE;9914;38;9912;52;;;9931;38;9933;52;;;9922.5;0.0
3;8600;SNACKPACK_STRAWBERRY;10535;39;10533;45;;;10553;39;10555;45;;;10544.0;0.0
3;8600;SNACKPACK_VANILLA;10022;39;10020;45;;;10039;39;10041;45;;;10030.5;0.0
3;8600;SNACKPACK_PISTACHIO;9536;39;9534;45;;;9553;39;9555;45;;;9544.5;0.0
3;8600;SNACKPACK_RASPBERRY;10148;39;10146;45;;;10165;39;10167;45;;;10156.5;0.0
3;8600;SNACKPACK_CHOCOLATE;9909;39;9907;45;;;9926;39;9928;45;;;9917.5;0.0
3;8700;SNACKPACK_CHOCOLATE;9917;35;9915;44;;;9934;35;9936;44;;;9925.5;0.0
3;8700;SNACKPACK_PISTACHIO;9536;35;9534;44;;;9553;35;9554;44;;;9544.5;0.0
3;8700;SNACKPACK_STRAWBERRY;10534;35;10532;44;;;10552;35;10554;44;;;10543.0;0.0
3;8700;SNACKPACK_VANILLA;10016;35;10014;44;;;10033;35;10035;44;;;10024.5;0.0
3;8700;SNACKPACK_RASPBERRY;10150;35;10148;44;;;10168;35;10170;44;;;10159.0;0.0
3;8800;SNACKPACK_PISTACHIO;9530;23;9528;53;;;9546;23;9548;53;;;9538.0;0.0
3;8800;SNACKPACK_CHOCOLATE;9918;23;9916;53;;;9935;23;9937;53;;;9926.5;0.0
3;8800;SNACKPACK_STRAWBERRY;10519;23;10517;53;;;10537;23;10539;53;;;10528.0;0.0
3;8800;SNACKPACK_RASPBERRY;10163;23;10161;53;;;10181;23;10183;53;;;10172.0;0.0
3;8800;SNACKPACK_VANILLA;10015;23;10013;53;;;10032;23;10034;53;;;10023.5;0.0
3;8900;SNACKPACK_PISTACHIO;9532;38;9530;59;;;9549;38;9550;59;;;9540.5;0.0
3;8900;SNACKPACK_CHOCOLATE;9934;38;9932;59;;;9951;38;9953;59;;;9942.5;0.0
3;8900;SNACKPACK_RASPBERRY;10167;38;10165;59;;;10184;38;10186;59;;;10175.5;0.0
3;8900;SNACKPACK_STRAWBERRY;10515;38;10513;59;;;10533;38;10535;59;;;10524.0;0.0
3;8900;SNACKPACK_VANILLA;9997;38;9995;59;;;10014;38;10016;59;;;10005.5;0.0
3;9000;SNACKPACK_CHOCOLATE;9941;30;9939;42;;;9958;30;9960;42;;;9949.5;0.0
3;9000;SNACKPACK_RASPBERRY;10180;30;10178;42;;;10197;30;10199;42;;;10188.5;0.0
3;9000;SNACKPACK_STRAWBERRY;10504;30;10502;42;;;10521;30;10524;42;;;10512.5;0.0
3;9000;SNACKPACK_VANILLA;9987;30;9985;42;;;10004;30;10006;42;;;9995.5;0.0
3;9000;SNACKPACK_PISTACHIO;9526;30;9524;42;;;9543;30;9544;42;;;9534.5;0.0
3;9100;SNACKPACK_RASPBERRY;10181;37;10179;60;;;10198;37;10200;60;;;10189.5;0.0
3;9100;SNACKPACK_CHOCOLATE;9932;37;9930;60;;;9949;37;9951;60;;;9940.5;0.0
3;9100;SNACKPACK_STRAWBERRY;10504;37;10502;60;;;10522;37;10524;60;;;10513.0;0.0
3;9100;SNACKPACK_PISTACHIO;9528;37;9526;60;;;9544;37;9546;60;;;9536.0;0.0
3;9100;SNACKPACK_VANILLA;9995;37;9993;60;;;10012;37;10014;60;;;10003.5;0.0
3;9200;SNACKPACK_VANILLA;9995;30;9993;50;;;10012;30;10014;50;;;10003.5;0.0
3;9200;SNACKPACK_RASPBERRY;10183;30;10181;50;;;10200;30;10202;50;;;10191.5;0.0
3;9200;SNACKPACK_CHOCOLATE;9930;30;9928;50;;;9947;30;9949;50;;;9938.5;0.0
3;9200;SNACKPACK_STRAWBERRY;10502;30;10500;50;;;10520;30;10522;50;;;10511.0;0.0
3;9200;SNACKPACK_PISTACHIO;9524;30;9523;50;;;9541;30;9543;50;;;9532.5;0.0
3;9300;SNACKPACK_VANILLA;9997;31;9995;43;;;10014;31;10016;43;;;10005.5;0.0
3;9300;SNACKPACK_RASPBERRY;10172;31;10170;43;;;10190;31;10192;43;;;10181.0;0.0
3;9300;SNACKPACK_PISTACHIO;9534;31;9532;43;;;9550;31;9552;43;;;9542.0;0.0
3;9300;SNACKPACK_CHOCOLATE;9928;31;9926;43;;;9945;31;9947;43;;;9936.5;0.0
3;9300;SNACKPACK_STRAWBERRY;10512;31;10510;43;;;10530;31;10532;43;;;10521.0;0.0
3;9400;SNACKPACK_RASPBERRY;10162;34;10160;58;;;10179;34;10181;58;;;10170.5;0.0
3;9400;SNACKPACK_VANILLA;10007;34;10005;58;;;10024;34;10026;58;;;10015.5;0.0
3;9400;SNACKPACK_CHOCOLATE;9919;34;9917;58;;;9936;34;9938;58;;;9927.5;0.0
3;9400;SNACKPACK_PISTACHIO;9538;34;9536;58;;;9555;34;9557;58;;;9546.5;0.0
3;9400;SNACKPACK_STRAWBERRY;10521;34;10519;58;;;10538;34;10541;58;;;10529.5;0.0
3;9500;SNACKPACK_STRAWBERRY;10521;39;10519;52;;;10539;39;10541;52;;;10530.0;0.0
3;9500;SNACKPACK_RASPBERRY;10162;39;10160;52;;;10180;39;10182;52;;;10171.0;0.0
3;9500;SNACKPACK_VANILLA;10000;39;9998;52;;;10017;39;10019;52;;;10008.5;0.0
3;9500;SNACKPACK_PISTACHIO;9539;39;9537;52;;;9555;39;9557;52;;;9547.0;0.0
3;9500;SNACKPACK_CHOCOLATE;9927;39;9925;52;;;9944;39;9946;52;;;9935.5;0.0
3;9600;SNACKPACK_STRAWBERRY;10531;29;10529;48;;;10549;29;10551;48;;;10540.0;0.0
3;9600;SNACKPACK_PISTACHIO;9541;29;9539;48;;;9557;29;9559;48;;;9549.0;0.0
3;9600;SNACKPACK_VANILLA;9998;29;9996;48;;;10015;29;10017;48;;;10006.5;0.0
3;9600;SNACKPACK_RASPBERRY;10154;29;10152;48;;;10172;29;10174;48;;;10163.0;0.0
3;9600;SNACKPACK_CHOCOLATE;9927;29;9925;48;;;9944;29;9946;48;;;9935.5;0.0
3;9700;SNACKPACK_STRAWBERRY;10526;27;10524;52;;;10544;27;10546;52;;;10535.0;0.0
3;9700;SNACKPACK_VANILLA;9999;27;9997;52;;;10016;27;10018;52;;;10007.5;0.0
3;9700;SNACKPACK_PISTACHIO;9538;27;9536;52;;;9554;27;9556;52;;;9546.0;0.0
3;9700;SNACKPACK_RASPBERRY;10159;27;10157;52;;;10176;27;10179;52;;;10167.5;0.0
3;9700;SNACKPACK_CHOCOLATE;9923;27;9921;52;;;9940;27;9942;52;;;9931.5;0.0
3;9800;SNACKPACK_CHOCOLATE;9914;33;9912;54;;;9931;33;9933;54;;;9922.5;0.0
3;9800;SNACKPACK_PISTACHIO;9535;33;9533;54;;;9552;33;9553;54;;;9543.5;0.0
3;9800;SNACKPACK_STRAWBERRY;10525;33;10523;54;;;10543;33;10545;54;;;10534.0;0.0
3;9800;SNACKPACK_VANILLA;10005;33;10003;54;;;10022;33;10024;54;;;10013.5;0.0
3;9800;SNACKPACK_RASPBERRY;10157;33;10154;54;;;10174;33;10176;54;;;10165.5;0.0
3;9900;SNACKPACK_PISTACHIO;9535;25;9533;51;;;9551;25;9553;51;;;9543.0;0.0
3;9900;SNACKPACK_CHOCOLATE;9924;25;9922;51;;;9941;25;9943;51;;;9932.5;0.0
3;9900;SNACKPACK_STRAWBERRY;10526;25;10524;51;;;10544;25;10546;51;;;10535.0;0.0
3;9900;SNACKPACK_RASPBERRY;10158;25;10156;51;;;10175;25;10177;51;;;10166.5;0.0
3;9900;SNACKPACK_VANILLA;9994;25;9992;51;;;10011;25;10013;51;;;10002.5;0.0
3;10000;SNACKPACK_PISTACHIO;9534;34;9533;44;;;9551;34;9553;44;;;9542.5;0.0
3;10000;SNACKPACK_CHOCOLATE;9931;34;9929;44;;;9948;34;9950;44;;;9939.5;0.0
3;10000;SNACKPACK_STRAWBERRY;10523;34;10520;44;;;10540;34;10542;44;;;10531.5;0.0
3;10000;SNACKPACK_RASPBERRY;10161;34;10159;44;;;10178;34;10181;44;;;10169.5;0.0
3;10000;SNACKPACK_VANILLA;9991;34;9989;44;;;10008;34;10010;44;;;9999.5;0.0
3;10100;SNACKPACK_CHOCOLATE;9925;29;9923;47;;;9942;29;9944;47;;;9933.5;0.0
3;10100;SNACKPACK_STRAWBERRY;10511;29;10509;47;;;10528;29;10531;47;;;10519.5;0.0
3;10100;SNACKPACK_RASPBERRY;10173;29;10171;47;;;10190;29;10192;47;;;10181.5;0.0
3;10100;SNACKPACK_VANILLA;9999;29;9997;47;;;10016;29;10018;47;;;10007.5;0.0
3;10100;SNACKPACK_PISTACHIO;9525;29;9523;47;;;9542;29;9544;47;;;9533.5;0.0
3;10200;SNACKPACK_RASPBERRY;10189;33;10187;55;;;10206;33;10209;55;;;10197.5;0.0
3;10200;SNACKPACK_CHOCOLATE;9921;33;9919;55;;;9937;33;9939;55;;;9929.0;0.0
3;10200;SNACKPACK_STRAWBERRY;10496;33;10494;55;;;10514;33;10516;55;;;10505.0;0.0
3;10200;SNACKPACK_VANILLA;10002;33;10000;55;;;10019;33;10021;55;;;10010.5;0.0
3;10200;SNACKPACK_PISTACHIO;9518;33;9516;55;;;9534;33;9536;55;;;9526.0;0.0
3;10300;SNACKPACK_VANILLA;10005;26;10003;56;;;10022;26;10024;56;;;10013.5;0.0
3;10300;SNACKPACK_RASPBERRY;10189;26;10187;56;;;10206;26;10208;56;;;10197.5;0.0
3;10300;SNACKPACK_CHOCOLATE;9918;26;9916;56;;;9935;26;9937;56;;;9926.5;0.0
3;10300;SNACKPACK_PISTACHIO;9516;26;9514;56;;;9532;26;9534;56;;;9524.0;0.0
3;10300;SNACKPACK_STRAWBERRY;10496;26;10494;56;;;10514;26;10516;56;;;10505.0;0.0
3;10400;SNACKPACK_VANILLA;10009;34;10007;41;;;10026;34;10028;41;;;10017.5;0.0
3;10400;SNACKPACK_RASPBERRY;10198;34;10196;41;;;10215;34;10217;41;;;10206.5;0.0
3;10400;SNACKPACK_PISTACHIO;9510;34;9508;41;;;9526;34;9528;41;;;9518.0;0.0
3;10400;SNACKPACK_CHOCOLATE;9914;34;9912;41;;;9931;34;9933;41;;;9922.5;0.0
3;10400;SNACKPACK_STRAWBERRY;10487;34;10485;41;;;10505;34;10507;41;;;10496.0;0.0
3;10500;SNACKPACK_RASPBERRY;10193;24;10191;45;;;10210;24;10213;45;;;10201.5;0.0
3;10500;SNACKPACK_VANILLA;10009;24;10007;45;;;10026;24;10028;45;;;10017.5;0.0
3;10500;SNACKPACK_STRAWBERRY;10489;24;10487;45;;;10507;24;10509;45;;;10498.0;0.0
3;10500;SNACKPACK_PISTACHIO;9514;24;9512;45;;;9530;24;9532;45;;;9522.0;0.0
3;10500;SNACKPACK_CHOCOLATE;9912;24;9910;45;;;9929;24;9931;45;;;9920.5;0.0
3;10600;SNACKPACK_RASPBERRY;10182;36;10179;53;;;10199;36;10201;53;;;10190.5;0.0
3;10600;SNACKPACK_STRAWBERRY;10501;36;10499;53;;;10519;36;10521;53;;;10510.0;0.0
3;10600;SNACKPACK_PISTACHIO;9519;36;9517;53;;;9535;36;9537;53;;;9527.0;0.0
3;10600;SNACKPACK_VANILLA;10006;36;10004;53;;;10023;36;10025;53;;;10014.5;0.0
3;10600;SNACKPACK_CHOCOLATE;9915;36;9913;53;;;9931;36;9933;53;;;9923.0;0.0
3;10700;SNACKPACK_STRAWBERRY;10510;22;10508;54;;;10527;22;10530;54;;;10518.5;0.0
3;10700;SNACKPACK_PISTACHIO;9526;22;9524;54;;;9542;22;9544;54;;;9534.0;0.0
3;10700;SNACKPACK_VANILLA;10005;22;10003;54;;;10022;22;10024;54;;;10013.5;0.0
3;10700;SNACKPACK_RASPBERRY;10173;22;10171;54;;;10190;22;10192;54;;;10181.5;0.0
3;10700;SNACKPACK_CHOCOLATE;9915;22;9913;54;;;9932;22;9934;54;;;9923.5;0.0
3;10800;SNACKPACK_CHOCOLATE;9913;37;9911;44;;;9930;37;9932;44;;;9921.5;0.0
3;10800;SNACKPACK_STRAWBERRY;10516;37;10514;44;;;10534;37;10536;44;;;10525.0;0.0
3;10800;SNACKPACK_PISTACHIO;9529;37;9527;44;;;9545;37;9547;44;;;9537.0;0.0
3;10800;SNACKPACK_VANILLA;10007;37;10005;44;;;10024;37;10026;44;;;10015.5;0.0
3;10800;SNACKPACK_RASPBERRY;10163;37;10161;44;;;10180;37;10182;44;;;10171.5;0.0
3;10900;SNACKPACK_PISTACHIO;9523;36;9521;46;;;9539;36;9541;46;;;9531.0;0.0
3;10900;SNACKPACK_CHOCOLATE;9917;36;9915;46;;;9934;36;9936;46;;;9925.5;0.0
3;10900;SNACKPACK_STRAWBERRY;10508;36;10505;46;;;10525;36;10528;46;;;10516.5;0.0
3;10900;SNACKPACK_VANILLA;10004;36;10002;46;;;10021;36;10023;46;;;10012.5;0.0
3;10900;SNACKPACK_RASPBERRY;10170;36;10168;46;;;10187;36;10189;46;;;10178.5;0.0
3;11000;SNACKPACK_CHOCOLATE;9908;30;9906;40;;;9925;30;9927;40;;;9916.5;0.0
3;11000;SNACKPACK_PISTACHIO;9518;30;9516;40;;;9535;30;9536;40;;;9526.5;0.0
3;11000;SNACKPACK_STRAWBERRY;10500;30;10498;40;;;10518;30;10520;40;;;10509.0;0.0
3;11000;SNACKPACK_RASPBERRY;10176;30;10174;40;;;10193;30;10195;40;;;10184.5;0.0
3;11000;SNACKPACK_VANILLA;10013;30;10011;40;;;10030;30;10032;40;;;10021.5;0.0
3;11100;SNACKPACK_PISTACHIO;9520;33;9518;48;;;9536;33;9538;48;;;9528.0;0.0
3;11100;SNACKPACK_CHOCOLATE;9912;33;9910;48;;;9928;33;9930;48;;;9920.0;0.0
3;11100;SNACKPACK_STRAWBERRY;10503;33;10501;48;;;10521;33;10523;48;;;10512.0;0.0
3;11100;SNACKPACK_RASPBERRY;10172;33;10170;48;;;10189;33;10191;48;;;10180.5;0.0
3;11100;SNACKPACK_VANILLA;10010;33;10008;48;;;10027;33;10029;48;;;10018.5;0.0
3;11200;SNACKPACK_RASPBERRY;10177;27;10175;49;;;10194;27;10197;49;;;10185.5;0.0
3;11200;SNACKPACK_CHOCOLATE;9916;27;9914;49;;;9933;27;9935;49;;;9924.5;0.0
3;11200;SNACKPACK_STRAWBERRY;10497;27;10495;49;;;10514;27;10517;49;;;10505.5;0.0
3;11200;SNACKPACK_VANILLA;10005;27;10003;49;;;10022;27;10024;49;;;10013.5;0.0
3;11200;SNACKPACK_PISTACHIO;9518;27;9517;49;;;9535;27;9537;49;;;9526.5;0.0
3;11300;SNACKPACK_RASPBERRY;10181;30;10179;56;;;10198;30;10200;56;;;10189.5;0.0
3;11300;SNACKPACK_CHOCOLATE;9919;30;9917;56;;;9935;30;9937;56;;;9927.0;0.0
3;11300;SNACKPACK_PISTACHIO;9519;30;9517;56;;;9535;30;9537;56;;;9527.0;0.0
3;11300;SNACKPACK_VANILLA;10002;30;10000;56;;;10019;30;10021;56;;;10010.5;0.0
3;11300;SNACKPACK_STRAWBERRY;10493;30;10491;56;;;10511;30;10513;56;;;10502.0;0.0
3;11400;SNACKPACK_VANILLA;10001;20;9999;47;;;10018;20;10020;47;;;10009.5;0.0
3;11400;SNACKPACK_RASPBERRY;10180;20;10178;47;;;10198;20;10200;47;;;10189.0;0.0
3;11400;SNACKPACK_CHOCOLATE;9920;20;9918;47;;;9937;20;9939;47;;;9928.5;0.0
3;11400;SNACKPACK_PISTACHIO;9517;20;9516;47;;;9534;20;9536;47;;;9525.5;0.0
3;11400;SNACKPACK_STRAWBERRY;10492;20;10490;47;;;10510;20;10512;47;;;10501.0;0.0
3;11500;SNACKPACK_VANILLA;10006;21;10004;47;;;10023;21;10025;47;;;10014.5;0.0
3;11500;SNACKPACK_RASPBERRY;10183;21;10181;47;;;10200;21;10202;47;;;10191.5;0.0
3;11500;SNACKPACK_CHOCOLATE;9914;21;9912;47;;;9931;21;9933;47;;;9922.5;0.0
3;11500;SNACKPACK_PISTACHIO;9516;21;9514;47;;;9532;21;9534;47;;;9524.0;0.0
3;11500;SNACKPACK_STRAWBERRY;10489;21;10487;47;;;10507;21;10509;47;;;10498.0;0.0
3;11600;SNACKPACK_STRAWBERRY;10504;28;10501;60;;;10521;28;10523;60;;;10512.5;0.0
3;11600;SNACKPACK_RASPBERRY;10168;28;10166;60;;;10186;28;10188;60;;;10177.0;0.0
3;11600;SNACKPACK_VANILLA;10019;28;10017;60;;;10036;28;10038;60;;;10027.5;0.0
3;11600;SNACKPACK_PISTACHIO;9521;28;9519;60;;;9537;28;9539;60;;;9529.0;0.0
3;11600;SNACKPACK_CHOCOLATE;9902;28;9900;60;;;9919;28;9921;60;;;9910.5;0.0
3;11700;SNACKPACK_STRAWBERRY;10512;22;10510;57;;;10530;22;10532;57;;;10521.0;0.0
3;11700;SNACKPACK_RASPBERRY;10162;22;10160;57;;;10179;22;10181;57;;;10170.5;0.0
3;11700;SNACKPACK_PISTACHIO;9531;22;9529;57;;;9547;22;9549;57;;;9539.0;0.0
3;11700;SNACKPACK_VANILLA;10021;22;10019;57;;;10038;22;10040;57;;;10029.5;0.0
3;11700;SNACKPACK_CHOCOLATE;9902;22;9900;57;;;9919;22;9921;57;;;9910.5;0.0
3;11800;SNACKPACK_STRAWBERRY;10511;33;10509;58;;;10529;33;10531;58;;;10520.0;0.0
3;11800;SNACKPACK_PISTACHIO;9532;33;9530;58;;;9548;33;9550;58;;;9540.0;0.0
3;11800;SNACKPACK_VANILLA;10017;33;10015;58;;;10034;33;10036;58;;;10025.5;0.0
3;11800;SNACKPACK_RASPBERRY;10162;33;10160;58;;;10179;33;10181;58;;;10170.5;0.0
3;11800;SNACKPACK_CHOCOLATE;9902;33;9900;58;;;9919;33;9920;58;;;9910.5;0.0
3;11900;SNACKPACK_CHOCOLATE;9902;40;9900;44;;;9919;40;9921;44;;;9910.5;0.0
3;11900;SNACKPACK_PISTACHIO;9526;40;9524;44;;;9543;40;9545;44;;;9534.5;0.0
3;11900;SNACKPACK_STRAWBERRY;10505;40;10503;44;;;10523;40;10525;44;;;10514.0;0.0
3;11900;SNACKPACK_VANILLA;10018;40;10016;44;;;10035;40;10037;44;;;10026.5;0.0
3;11900;SNACKPACK_RASPBERRY;10168;40;10166;44;;;10185;40;10187;44;;;10176.5;0.0
3;12000;SNACKPACK_CHOCOLATE;9913;32;9911;45;;;9930;32;9932;45;;;9921.5;0.0
3;12000;SNACKPACK_PISTACHIO;9523;32;9521;45;;;9540;32;9542;45;;;9531.5;0.0
3;12000;SNACKPACK_STRAWBERRY;10505;32;10503;45;;;10523;32;10525;45;;;10514.0;0.0
3;12000;SNACKPACK_VANILLA;10007;32;10005;45;;;10024;32;10026;45;;;10015.5;0.0
3;12000;SNACKPACK_RASPBERRY;10165;32;10163;45;;;10182;32;10184;45;;;10173.5;0.0
3;12100;SNACKPACK_PISTACHIO;9526;36;9524;50;;;9542;36;9544;50;;;9534.0;0.0
3;12100;SNACKPACK_CHOCOLATE;9907;36;9905;50;;;9924;36;9926;50;;;9915.5;0.0
3;12100;SNACKPACK_RASPBERRY;10165;36;10163;50;;;10182;36;10184;50;;;10173.5;0.0
3;12100;SNACKPACK_VANILLA;10012;36;10010;50;;;10029;36;10031;50;;;10020.5;0.0
3;12100;SNACKPACK_STRAWBERRY;10508;36;10506;50;;;10526;36;10528;50;;;10517.0;0.0
3;12200;SNACKPACK_CHOCOLATE;9929;26;9927;47;;;9946;26;9948;47;;;9937.5;0.0
3;12200;SNACKPACK_RASPBERRY;10168;26;10166;47;;;10185;26;10187;47;;;10176.5;0.0
3;12200;SNACKPACK_STRAWBERRY;10505;26;10503;47;;;10523;26;10525;47;;;10514.0;0.0
3;12200;SNACKPACK_PISTACHIO;9523;26;9521;47;;;9539;26;9541;47;;;9531.0;0.0
3;12200;SNACKPACK_VANILLA;9991;26;9989;47;;;10008;26;10010;47;;;9999.5;0.0
3;12300;SNACKPACK_RASPBERRY;10174;21;10172;43;;;10191;21;10193;43;;;10182.5;0.0
3;12300;SNACKPACK_CHOCOLATE;9919;21;9917;43;;;9936;21;9938;43;;;9927.5;0.0
3;12300;SNACKPACK_STRAWBERRY;10501;21;10498;43;;;10518;21;10520;43;;;10509.5;0.0
3;12300;SNACKPACK_VANILLA;9998;21;9996;43;;;10015;21;10017;43;;;10006.5;0.0
3;12300;SNACKPACK_PISTACHIO;9520;21;9518;43;;;9536;21;9538;43;;;9528.0;0.0
3;12400;SNACKPACK_VANILLA;10000;31;9998;47;;;10017;31;10019;47;;;10008.5;0.0
3;12400;SNACKPACK_RASPBERRY;10186;31;10184;47;;;10204;31;10206;47;;;10195.0;0.0
3;12400;SNACKPACK_CHOCOLATE;9919;31;9917;47;;;9936;31;9938;47;;;9927.5;0.0
3;12400;SNACKPACK_PISTACHIO;9514;31;9512;47;;;9530;31;9532;47;;;9522.0;0.0
3;12400;SNACKPACK_STRAWBERRY;10486;31;10484;47;;;10503;31;10506;47;;;10494.5;0.0
3;12500;SNACKPACK_VANILLA;9991;38;9989;52;;;10008;38;10010;52;;;9999.5;0.0
3;12500;SNACKPACK_RASPBERRY;10180;38;10178;52;;;10198;38;10200;52;;;10189.0;0.0
3;12500;SNACKPACK_CHOCOLATE;9929;38;9927;52;;;9946;38;9948;52;;;9937.5;0.0
3;12500;SNACKPACK_PISTACHIO;9521;38;9519;52;;;9537;38;9539;52;;;9529.0;0.0
3;12500;SNACKPACK_STRAWBERRY;10495;38;10493;52;;;10513;38;10515;52;;;10504.0;0.0
3;12600;SNACKPACK_RASPBERRY;10177;30;10174;56;;;10194;30;10196;56;;;10185.5;0.0
3;12600;SNACKPACK_VANILLA;9988;30;9986;56;;;10005;30;10007;56;;;9996.5;0.0
3;12600;SNACKPACK_PISTACHIO;9524;30;9522;56;;;9540;30;9542;56;;;9532.0;0.0
3;12600;SNACKPACK_CHOCOLATE;9931;30;9929;56;;;9948;30;9950;56;;;9939.5;0.0
3;12600;SNACKPACK_STRAWBERRY;10498;30;10496;56;;;10516;30;10518;56;;;10507.0;0.0
3;12700;SNACKPACK_RASPBERRY;10163;32;10161;43;;;10180;32;10182;43;;;10171.5;0.0
3;12700;SNACKPACK_STRAWBERRY;10511;32;10509;43;;;10529;32;10531;43;;;10520.0;0.0
3;12700;SNACKPACK_VANILLA;9989;32;9987;43;;;10006;32;10008;43;;;9997.5;0.0
3;12700;SNACKPACK_PISTACHIO;9531;32;9530;43;;;9548;32;9550;43;;;9539.5;0.0
3;12700;SNACKPACK_CHOCOLATE;9929;32;9927;43;;;9946;32;9948;43;;;9937.5;0.0
3;12800;SNACKPACK_STRAWBERRY;10511;27;10509;43;;;10529;27;10531;43;;;10520.0;0.0
3;12800;SNACKPACK_VANILLA;9991;27;9989;43;;;10008;27;10010;43;;;9999.5;0.0
3;12800;SNACKPACK_PISTACHIO;9529;27;9527;43;;;9545;27;9547;43;;;9537.0;0.0
3;12800;SNACKPACK_RASPBERRY;10167;27;10165;43;;;10185;27;10187;43;;;10176.0;0.0
3;12800;SNACKPACK_CHOCOLATE;9928;27;9926;43;;;9945;27;9947;43;;;9936.5;0.0
3;12900;SNACKPACK_PISTACHIO;9536;23;9535;52;;;9553;23;9555;52;;;9544.5;0.0
3;12900;SNACKPACK_VANILLA;9989;23;9987;52;;;10006;23;10008;52;;;9997.5;0.0
3;12900;SNACKPACK_STRAWBERRY;10519;23;10517;52;;;10537;23;10539;52;;;10528.0;0.0
3;12900;SNACKPACK_RASPBERRY;10156;23;10154;52;;;10173;23;10175;52;;;10164.5;0.0
3;12900;SNACKPACK_CHOCOLATE;9929;23;9927;52;;;9946;23;9948;52;;;9937.5;0.0
3;13000;SNACKPACK_CHOCOLATE;9920;20;9918;45;;;9937;20;9939;45;;;9928.5;0.0
3;13000;SNACKPACK_PISTACHIO;9533;20;9531;45;;;9549;20;9551;45;;;9541.0;0.0
3;13000;SNACKPACK_STRAWBERRY;10515;20;10513;45;;;10533;20;10535;45;;;10524.0;0.0
3;13000;SNACKPACK_VANILLA;9994;20;9992;45;;;10011;20;10013;45;;;10002.5;0.0
3;13000;SNACKPACK_RASPBERRY;10157;20;10155;45;;;10175;20;10177;45;;;10166.0;0.0
3;13100;SNACKPACK_CHOCOLATE;9917;39;9915;56;;;9934;39;9936;56;;;9925.5;0.0
3;13100;SNACKPACK_PISTACHIO;9536;39;9534;56;;;9553;39;9554;56;;;9544.5;0.0
3;13100;SNACKPACK_STRAWBERRY;10524;39;10522;56;;;10542;39;10544;56;;;10533.0;0.0
3;13100;SNACKPACK_VANILLA;9998;39;9996;56;;;10015;39;10017;56;;;10006.5;0.0
3;13100;SNACKPACK_RASPBERRY;10148;39;10146;56;;;10166;39;10168;56;;;10157.0;0.0
3;13200;SNACKPACK_PISTACHIO;9538;29;9536;54;;;9555;29;9557;54;;;9546.5;0.0
3;13200;SNACKPACK_CHOCOLATE;9936;29;9934;54;;;9953;29;9955;54;;;9944.5;0.0
3;13200;SNACKPACK_STRAWBERRY;10527;29;10525;54;;;10545;29;10547;54;;;10536.0;0.0
3;13200;SNACKPACK_RASPBERRY;10149;29;10147;54;;;10166;29;10168;54;;;10157.5;0.0
3;13200;SNACKPACK_VANILLA;9981;29;9979;54;;;9998;29;10000;54;;;9989.5;0.0
3;13300;SNACKPACK_CHOCOLATE;9939;38;9937;46;;;9956;38;9958;46;;;9947.5;0.0
3;13300;SNACKPACK_STRAWBERRY;10517;38;10515;46;;;10535;38;10537;46;;;10526.0;0.0
3;13300;SNACKPACK_RASPBERRY;10164;38;10162;46;;;10181;38;10183;46;;;10172.5;0.0
3;13300;SNACKPACK_PISTACHIO;9530;38;9529;46;;;9547;38;9549;46;;;9538.5;0.0
3;13300;SNACKPACK_VANILLA;9977;38;9975;46;;;9994;38;9996;46;;;9985.5;0.0
3;13400;SNACKPACK_RASPBERRY;10165;20;10163;40;;;10182;20;10184;40;;;10173.5;0.0
3;13400;SNACKPACK_CHOCOLATE;9940;20;9938;40;;;9957;20;9959;40;;;9948.5;0.0
3;13400;SNACKPACK_STRAWBERRY;10515;20;10513;40;;;10533;20;10535;40;;;10524.0;0.0
3;13400;SNACKPACK_PISTACHIO;9529;20;9527;40;;;9545;20;9547;40;;;9537.0;0.0
3;13400;SNACKPACK_VANILLA;9976;20;9974;40;;;9993;20;9995;40;;;9984.5;0.0
3;13500;SNACKPACK_VANILLA;9968;21;9966;40;;;9985;21;9987;40;;;9976.5;0.0
3;13500;SNACKPACK_RASPBERRY;10162;21;10160;40;;;10179;21;10181;40;;;10170.5;0.0
3;13500;SNACKPACK_CHOCOLATE;9947;21;9945;40;;;9964;21;9966;40;;;9955.5;0.0
3;13500;SNACKPACK_PISTACHIO;9531;21;9529;40;;;9547;21;9549;40;;;9539.0;0.0
3;13500;SNACKPACK_STRAWBERRY;10517;21;10515;40;;;10534;21;10537;40;;;10525.5;0.0
3;13600;SNACKPACK_VANILLA;9965;29;9963;60;;;9982;29;9984;60;;;9973.5;0.0
3;13600;SNACKPACK_RASPBERRY;10157;29;10155;60;;;10175;29;10177;60;;;10166.0;0.0
3;13600;SNACKPACK_CHOCOLATE;9951;29;9949;60;;;9968;29;9970;60;;;9959.5;0.0
3;13600;SNACKPACK_PISTACHIO;9535;29;9533;60;;;9551;29;9553;60;;;9543.0;0.0
3;13600;SNACKPACK_STRAWBERRY;10521;29;10518;60;;;10538;29;10541;60;;;10529.5;0.0
3;13700;SNACKPACK_RASPBERRY;10151;29;10149;51;;;10169;29;10171;51;;;10160.0;0.0
3;13700;SNACKPACK_VANILLA;9964;29;9962;51;;;9981;29;9983;51;;;9972.5;0.0
3;13700;SNACKPACK_STRAWBERRY;10524;29;10522;51;;;10542;29;10544;51;;;10533.0;0.0
3;13700;SNACKPACK_PISTACHIO;9536;29;9534;51;;;9552;29;9554;51;;;9544.0;0.0
3;13700;SNACKPACK_CHOCOLATE;9950;29;9948;51;;;9967;29;9969;51;;;9958.5;0.0
3;13800;SNACKPACK_RASPBERRY;10154;33;10152;57;;;10171;33;10173;57;;;10162.5;0.0
3;13800;SNACKPACK_STRAWBERRY;10522;33;10520;57;;;10540;33;10542;57;;;10531.0;0.0
3;13800;SNACKPACK_PISTACHIO;9536;33;9534;57;;;9552;33;9554;57;;;9544.0;0.0
3;13800;SNACKPACK_VANILLA;9976;33;9974;57;;;9993;33;9995;57;;;9984.5;0.0
3;13800;SNACKPACK_CHOCOLATE;9940;33;9938;57;;;9957;33;9959;57;;;9948.5;0.0
3;13900;SNACKPACK_STRAWBERRY;10522;40;10519;60;;;10539;40;10541;60;;;10530.5;0.0
3;13900;SNACKPACK_VANILLA;9976;40;9974;60;;;9993;40;9995;60;;;9984.5;0.0
3;13900;SNACKPACK_PISTACHIO;9538;40;9536;60;;;9554;40;9556;60;;;9546.0;0.0
3;13900;SNACKPACK_RASPBERRY;10155;40;10153;60;;;10172;40;10174;60;;;10163.5;0.0
3;13900;SNACKPACK_CHOCOLATE;9939;40;9937;60;;;9955;40;9957;60;;;9947.0;0.0
3;14000;SNACKPACK_CHOCOLATE;9937;34;9935;49;;;9954;34;9956;49;;;9945.5;0.0
3;14000;SNACKPACK_PISTACHIO;9536;34;9535;49;;;9553;34;9555;49;;;9544.5;0.0
3;14000;SNACKPACK_STRAWBERRY;10515;34;10513;49;;;10533;34;10535;49;;;10524.0;0.0
3;14000;SNACKPACK_VANILLA;9978;34;9976;49;;;9995;34;9997;49;;;9986.5;0.0
3;14000;SNACKPACK_RASPBERRY;10163;34;10161;49;;;10181;34;10183;49;;;10172.0;0.0
3;14100;SNACKPACK_CHOCOLATE;9941;37;9939;40;;;9958;37;9960;40;;;9949.5;0.0
3;14100;SNACKPACK_PISTACHIO;9532;37;9530;40;;;9548;37;9550;40;;;9540.0;0.0
3;14100;SNACKPACK_STRAWBERRY;10499;37;10497;40;;;10517;37;10519;40;;;10508.0;0.0
3;14100;SNACKPACK_VANILLA;9971;37;9969;40;;;9988;37;9990;40;;;9979.5;0.0
3;14100;SNACKPACK_RASPBERRY;10182;37;10180;40;;;10200;37;10202;40;;;10191.0;0.0
3;14200;SNACKPACK_PISTACHIO;9543;26;9541;58;;;9559;26;9561;58;;;9551.0;0.0
3;14200;SNACKPACK_CHOCOLATE;9944;26;9942;58;;;9961;26;9963;58;;;9952.5;0.0
3;14200;SNACKPACK_STRAWBERRY;10516;26;10514;58;;;10534;26;10536;58;;;10525.0;0.0
3;14200;SNACKPACK_RASPBERRY;10167;26;10165;58;;;10184;26;10186;58;;;10175.5;0.0
3;14200;SNACKPACK_VANILLA;9967;26;9965;58;;;9984;26;9986;58;;;9975.5;0.0
3;14300;SNACKPACK_PISTACHIO;9534;24;9532;53;;;9550;24;9552;53;;;9542.0;0.0
3;14300;SNACKPACK_CHOCOLATE;9948;24;9946;53;;;9965;24;9967;53;;;9956.5;0.0
3;14300;SNACKPACK_RASPBERRY;10178;24;10176;53;;;10196;24;10198;53;;;10187.0;0.0
3;14300;SNACKPACK_STRAWBERRY;10505;24;10503;53;;;10523;24;10525;53;;;10514.0;0.0
3;14300;SNACKPACK_VANILLA;9966;24;9964;53;;;9983;24;9985;53;;;9974.5;0.0
3;14400;SNACKPACK_RASPBERRY;10177;21;10175;53;;;10194;21;10196;53;;;10185.5;0.0
3;14400;SNACKPACK_CHOCOLATE;9945;21;9943;53;;;9962;21;9964;53;;;9953.5;0.0
3;14400;SNACKPACK_STRAWBERRY;10508;21;10506;53;;;10526;21;10528;53;;;10517.0;0.0
3;14400;SNACKPACK_VANILLA;9972;21;9970;53;;;9989;21;9991;53;;;9980.5;0.0
3;14400;SNACKPACK_PISTACHIO;9534;21;9533;53;;;9551;21;9553;53;;;9542.5;0.0
3;14500;SNACKPACK_RASPBERRY;10180;40;10178;42;;;10197;40;10199;42;;;10188.5;0.0
3;14500;SNACKPACK_CHOCOLATE;9944;40;9942;42;;;9961;40;9963;42;;;9952.5;0.0
3;14500;SNACKPACK_PISTACHIO;9530;40;9528;42;;;9546;40;9548;42;;;9538.0;0.0
3;14500;SNACKPACK_VANILLA;9973;40;9971;42;;;9990;40;9992;42;;;9981.5;0.0
3;14500;SNACKPACK_STRAWBERRY;10503;40;10501;42;;;10521;40;10523;42;;;10512.0;0.0
3;14600;SNACKPACK_VANILLA;9975;25;9973;56;;;9991;25;9993;56;;;9983.0;0.0
3;14600;SNACKPACK_RASPBERRY;10187;25;10185;56;;;10204;25;10206;56;;;10195.5;0.0
3;14600;SNACKPACK_CHOCOLATE;9944;25;9942;56;;;9961;25;9963;56;;;9952.5;0.0
3;14600;SNACKPACK_PISTACHIO;9532;25;9530;56;;;9548;25;9550;56;;;9540.0;0.0
3;14600;SNACKPACK_STRAWBERRY;10500;25;10498;56;;;10517;25;10520;56;;;10508.5;0.0
3;14700;SNACKPACK_VANILLA;9975;36;9973;55;;;9992;36;9994;55;;;9983.5;0.0
3;14700;SNACKPACK_RASPBERRY;10186;36;10184;55;;;10203;36;10205;55;;;10194.5;0.0
3;14700;SNACKPACK_CHOCOLATE;9945;36;9943;55;;;9962;36;9964;55;;;9953.5;0.0
3;14700;SNACKPACK_PISTACHIO;9528;36;9526;55;;;9544;36;9546;55;;;9536.0;0.0
3;14700;SNACKPACK_STRAWBERRY;10499;36;10497;55;;;10517;36;10519;55;;;10508.0;0.0
3;14800;SNACKPACK_STRAWBERRY;10496;35;10494;57;;;10514;35;10516;57;;;10505.0;0.0
3;14800;SNACKPACK_RASPBERRY;10188;35;10186;57;;;10205;35;10207;57;;;10196.5;0.0
3;14800;SNACKPACK_VANILLA;9964;35;9962;57;;;9981;35;9983;57;;;9972.5;0.0
3;14800;SNACKPACK_PISTACHIO;9531;35;9529;57;;;9547;35;9549;57;;;9539.0;0.0
3;14800;SNACKPACK_CHOCOLATE;9955;35;9953;57;;;9972;35;9974;57;;;9963.5;0.0
3;14900;SNACKPACK_STRAWBERRY;10492;23;10490;48;;;10509;23;10512;48;;;10500.5;0.0
3;14900;SNACKPACK_RASPBERRY;10192;23;10190;48;;;10209;23;10211;48;;;10200.5;0.0
3;14900;SNACKPACK_PISTACHIO;9530;23;9528;48;;;9547;23;9549;48;;;9538.5;0.0
3;14900;SNACKPACK_VANILLA;9967;23;9965;48;;;9984;23;9986;48;;;9975.5;0.0
3;14900;SNACKPACK_CHOCOLATE;9951;23;9949;48;;;9968;23;9970;48;;;9959.5;0.0
3;15000;SNACKPACK_STRAWBERRY;10504;34;10502;42;;;10522;34;10524;42;;;10513.0;0.0
3;15000;SNACKPACK_PISTACHIO;9537;34;9535;42;;;9553;34;9555;42;;;9545.0;0.0
3;15000;SNACKPACK_VANILLA;9962;34;9960;42;;;9979;34;9981;42;;;9970.5;0.0
3;15000;SNACKPACK_RASPBERRY;10182;34;10180;42;;;10199;34;10201;42;;;10190.5;0.0
3;15000;SNACKPACK_CHOCOLATE;9958;34;9956;42;;;9975;34;9977;42;;;9966.5;0.0
3;15100;SNACKPACK_CHOCOLATE;9951;29;9949;44;;;9968;29;9970;44;;;9959.5;0.0
3;15100;SNACKPACK_PISTACHIO;9539;29;9537;44;;;9555;29;9557;44;;;9547.0;0.0
3;15100;SNACKPACK_STRAWBERRY;10511;29;10508;44;;;10528;29;10531;44;;;10519.5;0.0
3;15100;SNACKPACK_VANILLA;9967;29;9965;44;;;9984;29;9986;44;;;9975.5;0.0
3;15100;SNACKPACK_RASPBERRY;10175;29;10173;44;;;10192;29;10194;44;;;10183.5;0.0
3;15200;SNACKPACK_CHOCOLATE;9948;21;9946;52;;;9965;21;9967;52;;;9956.5;0.0
3;15200;SNACKPACK_PISTACHIO;9529;21;9527;52;;;9545;21;9547;52;;;9537.0;0.0
3;15200;SNACKPACK_STRAWBERRY;10496;21;10494;52;;;10514;21;10516;52;;;10505.0;0.0
3;15200;SNACKPACK_VANILLA;9970;21;9968;52;;;9987;21;9989;52;;;9978.5;0.0
3;15200;SNACKPACK_RASPBERRY;10187;21;10184;52;;;10204;21;10206;52;;;10195.5;0.0
3;15300;SNACKPACK_PISTACHIO;9527;27;9525;43;;;9543;27;9545;43;;;9535.0;0.0
3;15300;SNACKPACK_CHOCOLATE;9945;27;9943;43;;;9962;27;9964;43;;;9953.5;0.0
3;15300;SNACKPACK_RASPBERRY;10191;27;10189;43;;;10209;27;10211;43;;;10200.0;0.0
3;15300;SNACKPACK_VANILLA;9972;27;9970;43;;;9989;27;9991;43;;;9980.5;0.0
3;15300;SNACKPACK_STRAWBERRY;10491;27;10489;43;;;10509;27;10511;43;;;10500.0;0.0
3;15400;SNACKPACK_CHOCOLATE;9934;40;9932;45;;;9951;40;9953;45;;;9942.5;0.0
3;15400;SNACKPACK_RASPBERRY;10191;40;10189;45;;;10209;40;10211;45;;;10200.0;0.0
3;15400;SNACKPACK_STRAWBERRY;10489;40;10487;45;;;10507;40;10509;45;;;10498.0;0.0
3;15400;SNACKPACK_PISTACHIO;9526;40;9524;45;;;9542;40;9544;45;;;9534.0;0.0
3;15400;SNACKPACK_VANILLA;9983;40;9981;45;;;10000;40;10002;45;;;9991.5;0.0
3;15500;SNACKPACK_RASPBERRY;10194;36;10191;59;;;10211;36;10213;59;;;10202.5;0.0
3;15500;SNACKPACK_CHOCOLATE;9944;36;9943;59;;;9961;36;9963;59;;;9952.5;0.0
3;15500;SNACKPACK_STRAWBERRY;10487;36;10485;59;;;10505;36;10507;59;;;10496.0;0.0
3;15500;SNACKPACK_VANILLA;9974;36;9972;59;;;9991;36;9993;59;;;9982.5;0.0
3;15500;SNACKPACK_PISTACHIO;9522;36;9520;59;;;9538;36;9540;59;;;9530.0;0.0
3;15600;SNACKPACK_VANILLA;9977;38;9975;55;;;9994;38;9996;55;;;9985.5;0.0
3;15600;SNACKPACK_RASPBERRY;10201;38;10199;55;;;10218;38;10220;55;;;10209.5;0.0
3;15600;SNACKPACK_CHOCOLATE;9941;38;9939;55;;;9958;38;9960;55;;;9949.5;0.0
3;15600;SNACKPACK_PISTACHIO;9520;38;9518;55;;;9536;38;9538;55;;;9528.0;0.0
3;15600;SNACKPACK_STRAWBERRY;10481;38;10479;55;;;10499;38;10501;55;;;10490.0;0.0
3;15700;SNACKPACK_VANILLA;9972;38;9970;45;;;9989;38;9991;45;;;9980.5;0.0
3;15700;SNACKPACK_RASPBERRY;10195;38;10193;45;;;10212;38;10214;45;;;10203.5;0.0
3;15700;SNACKPACK_CHOCOLATE;9945;38;9943;45;;;9962;38;9964;45;;;9953.5;0.0
3;15700;SNACKPACK_PISTACHIO;9527;38;9525;45;;;9543;38;9545;45;;;9535.0;0.0
3;15700;SNACKPACK_STRAWBERRY;10487;38;10485;45;;;10505;38;10507;45;;;10496.0;0.0
3;15800;SNACKPACK_RASPBERRY;10189;29;10187;45;;;10207;29;10209;45;;;10198.0;0.0
3;15800;SNACKPACK_VANILLA;9964;29;9962;45;;;9981;29;9983;45;;;9972.5;0.0
3;15800;SNACKPACK_PISTACHIO;9533;29;9531;45;;;9549;29;9551;45;;;9541.0;0.0
3;15800;SNACKPACK_CHOCOLATE;9957;29;9955;45;;;9974;29;9976;45;;;9965.5;0.0
3;15800;SNACKPACK_STRAWBERRY;10495;29;10493;45;;;10513;29;10515;45;;;10504.0;0.0
3;15900;SNACKPACK_RASPBERRY;10179;31;10176;44;;;10196;31;10198;44;;;10187.5;0.0
3;15900;SNACKPACK_STRAWBERRY;10505;31;10503;44;;;10523;31;10525;44;;;10514.0;0.0
3;15900;SNACKPACK_VANILLA;9963;31;9961;44;;;9980;31;9982;44;;;9971.5;0.0
3;15900;SNACKPACK_PISTACHIO;9537;31;9535;44;;;9553;31;9555;44;;;9545.0;0.0
3;15900;SNACKPACK_CHOCOLATE;9958;31;9956;44;;;9975;31;9977;44;;;9966.5;0.0
3;16000;SNACKPACK_STRAWBERRY;10519;33;10517;51;;;10537;33;10539;51;;;10528.0;0.0
3;16000;SNACKPACK_VANILLA;9959;33;9957;51;;;9976;33;9978;51;;;9967.5;0.0
3;16000;SNACKPACK_PISTACHIO;9546;33;9544;51;;;9562;33;9564;51;;;9554.0;0.0
3;16000;SNACKPACK_RASPBERRY;10166;33;10164;51;;;10183;33;10185;51;;;10174.5;0.0
3;16000;SNACKPACK_CHOCOLATE;9962;33;9960;51;;;9979;33;9981;51;;;9970.5;0.0
3;16100;SNACKPACK_PISTACHIO;9543;28;9541;49;;;9559;28;9561;49;;;9551.0;0.0
3;16100;SNACKPACK_VANILLA;9957;28;9955;49;;;9974;28;9976;49;;;9965.5;0.0
3;16100;SNACKPACK_STRAWBERRY;10511;28;10509;49;;;10529;28;10531;49;;;10520.0;0.0
3;16100;SNACKPACK_RASPBERRY;10172;28;10170;49;;;10190;28;10192;49;;;10181.0;0.0
3;16100;SNACKPACK_CHOCOLATE;9964;28;9962;49;;;9981;28;9983;49;;;9972.5;0.0
3;16200;SNACKPACK_CHOCOLATE;9959;26;9957;52;;;9976;26;9978;52;;;9967.5;0.0
3;16200;SNACKPACK_PISTACHIO;9545;26;9543;52;;;9561;26;9563;52;;;9553.0;0.0
3;16200;SNACKPACK_STRAWBERRY;10510;26;10508;52;;;10528;26;10530;52;;;10519.0;0.0
3;16200;SNACKPACK_VANILLA;9961;26;9959;52;;;9978;26;9980;52;;;9969.5;0.0
3;16200;SNACKPACK_RASPBERRY;10172;26;10170;52;;;10189;26;10191;52;;;10180.5;0.0
3;16300;SNACKPACK_CHOCOLATE;9957;25;9955;55;;;9974;25;9976;55;;;9965.5;0.0
3;16300;SNACKPACK_PISTACHIO;9542;25;9541;55;;;9559;25;9561;55;;;9550.5;0.0
3;16300;SNACKPACK_STRAWBERRY;10507;25;10505;55;;;10524;25;10527;55;;;10515.5;0.0
3;16300;SNACKPACK_VANILLA;9963;25;9961;55;;;9980;25;9982;55;;;9971.5;0.0
3;16300;SNACKPACK_RASPBERRY;10175;25;10173;55;;;10193;25;10195;55;;;10184.0;0.0
3;16400;SNACKPACK_PISTACHIO;9538;32;9536;40;;;9554;32;9556;40;;;9546.0;0.0
3;16400;SNACKPACK_CHOCOLATE;9951;32;9949;40;;;9968;32;9970;40;;;9959.5;0.0
3;16400;SNACKPACK_RASPBERRY;10175;32;10173;40;;;10192;32;10194;40;;;10183.5;0.0
3;16400;SNACKPACK_STRAWBERRY;10508;32;10505;40;;;10525;32;10527;40;;;10516.5;0.0
3;16400;SNACKPACK_VANILLA;9967;32;9965;40;;;9984;32;9986;40;;;9975.5;0.0
3;16500;SNACKPACK_CHOCOLATE;9957;33;9955;60;;;9974;33;9976;60;;;9965.5;0.0
3;16500;SNACKPACK_STRAWBERRY;10495;33;10493;60;;;10513;33;10515;60;;;10504.0;0.0
3;16500;SNACKPACK_RASPBERRY;10188;33;10186;60;;;10206;33;10208;60;;;10197.0;0.0
3;16500;SNACKPACK_PISTACHIO;9533;33;9531;60;;;9549;33;9551;60;;;9541.0;0.0
3;16500;SNACKPACK_VANILLA;9959;33;9957;60;;;9976;33;9978;60;;;9967.5;0.0
3;16600;SNACKPACK_CHOCOLATE;9957;30;9955;43;;;9974;30;9976;43;;;9965.5;0.0
3;16600;SNACKPACK_RASPBERRY;10186;30;10184;43;;;10204;30;10206;43;;;10195.0;0.0
3;16600;SNACKPACK_STRAWBERRY;10499;30;10497;43;;;10517;30;10519;43;;;10508.0;0.0
3;16600;SNACKPACK_PISTACHIO;9534;30;9532;43;;;9551;30;9552;43;;;9542.5;0.0
3;16600;SNACKPACK_VANILLA;9957;30;9955;43;;;9974;30;9976;43;;;9965.5;0.0
3;16700;SNACKPACK_VANILLA;9958;23;9956;52;;;9975;23;9977;52;;;9966.5;0.0
3;16700;SNACKPACK_RASPBERRY;10199;23;10197;52;;;10217;23;10219;52;;;10208.0;0.0
3;16700;SNACKPACK_CHOCOLATE;9953;23;9951;52;;;9970;23;9972;52;;;9961.5;0.0
3;16700;SNACKPACK_PISTACHIO;9528;23;9526;52;;;9544;23;9546;52;;;9536.0;0.0
3;16700;SNACKPACK_STRAWBERRY;10488;23;10486;52;;;10506;23;10508;52;;;10497.0;0.0
3;16800;SNACKPACK_VANILLA;9966;37;9964;55;;;9983;37;9985;55;;;9974.5;0.0
3;16800;SNACKPACK_RASPBERRY;10197;37;10195;55;;;10214;37;10216;55;;;10205.5;0.0
3;16800;SNACKPACK_CHOCOLATE;9945;37;9943;55;;;9962;37;9964;55;;;9953.5;0.0
3;16800;SNACKPACK_PISTACHIO;9531;37;9529;55;;;9547;37;9549;55;;;9539.0;0.0
3;16800;SNACKPACK_STRAWBERRY;10489;37;10487;55;;;10507;37;10509;55;;;10498.0;0.0
3;16900;SNACKPACK_VANILLA;9979;27;9977;52;;;9996;27;9998;52;;;9987.5;0.0
3;16900;SNACKPACK_STRAWBERRY;10498;27;10495;52;;;10515;27;10517;52;;;10506.5;0.0
3;16900;SNACKPACK_RASPBERRY;10190;27;10188;52;;;10207;27;10209;52;;;10198.5;0.0
3;16900;SNACKPACK_PISTACHIO;9538;27;9536;52;;;9554;27;9556;52;;;9546.0;0.0
3;16900;SNACKPACK_CHOCOLATE;9935;27;9933;52;;;9952;27;9954;52;;;9943.5;0.0
3;17000;SNACKPACK_RASPBERRY;10190;38;10188;47;;;10208;38;10210;47;;;10199.0;0.0
3;17000;SNACKPACK_STRAWBERRY;10495;38;10493;47;;;10513;38;10515;47;;;10504.0;0.0
3;17000;SNACKPACK_PISTACHIO;9534;38;9532;47;;;9550;38;9552;47;;;9542.0;0.0
3;17000;SNACKPACK_VANILLA;9980;38;9978;47;;;9997;38;9998;47;;;9988.5;0.0
3;17000;SNACKPACK_CHOCOLATE;9937;38;9935;47;;;9953;38;9955;47;;;9945.0;0.0
3;17100;SNACKPACK_STRAWBERRY;10490;32;10488;40;;;10508;32;10510;40;;;10499.0;0.0
3;17100;SNACKPACK_VANILLA;9971;32;9969;40;;;9988;32;9990;40;;;9979.5;0.0
3;17100;SNACKPACK_PISTACHIO;9531;32;9529;40;;;9547;32;9549;40;;;9539.0;0.0
3;17100;SNACKPACK_RASPBERRY;10197;32;10195;40;;;10214;32;10216;40;;;10205.5;0.0
3;17100;SNACKPACK_CHOCOLATE;9944;32;9942;40;;;9961;32;9963;40;;;9952.5;0.0
3;17200;SNACKPACK_CHOCOLATE;9942;24;9940;42;;;9959;24;9961;42;;;9950.5;0.0
3;17200;SNACKPACK_PISTACHIO;9531;24;9529;42;;;9547;24;9549;42;;;9539.0;0.0
3;17200;SNACKPACK_STRAWBERRY;10492;24;10490;42;;;10510;24;10512;42;;;10501.0;0.0
3;17200;SNACKPACK_VANILLA;9974;24;9972;42;;;9991;24;9993;42;;;9982.5;0.0
3;17200;SNACKPACK_RASPBERRY;10191;24;10189;42;;;10209;24;10211;42;;;10200.0;0.0
3;17300;SNACKPACK_CHOCOLATE;9943;20;9941;58;;;9960;20;9962;58;;;9951.5;0.0
3;17300;SNACKPACK_PISTACHIO;9529;20;9527;58;;;9545;20;9547;58;;;9537.0;0.0
3;17300;SNACKPACK_STRAWBERRY;10483;20;10481;58;;;10501;20;10503;58;;;10492.0;0.0
3;17300;SNACKPACK_VANILLA;9974;20;9972;58;;;9991;20;9993;58;;;9982.5;0.0
3;17300;SNACKPACK_RASPBERRY;10203;20;10201;58;;;10221;20;10223;58;;;10212.0;0.0
3;17400;SNACKPACK_PISTACHIO;9531;32;9529;59;;;9547;32;9549;59;;;9539.0;0.0
3;17400;SNACKPACK_CHOCOLATE;9940;32;9938;59;;;9957;32;9959;59;;;9948.5;0.0
3;17400;SNACKPACK_STRAWBERRY;10483;32;10481;59;;;10500;32;10503;59;;;10491.5;0.0
3;17400;SNACKPACK_VANILLA;9976;32;9974;59;;;9993;32;9995;59;;;9984.5;0.0
3;17400;SNACKPACK_RASPBERRY;10207;32;10205;59;;;10224;32;10226;59;;;10215.5;0.0
3;17500;SNACKPACK_PISTACHIO;9532;33;9530;55;;;9548;33;9550;55;;;9540.0;0.0
3;17500;SNACKPACK_CHOCOLATE;9923;33;9921;55;;;9939;33;9941;55;;;9931.0;0.0
3;17500;SNACKPACK_RASPBERRY;10205;33;10203;55;;;10222;33;10224;55;;;10213.5;0.0
3;17500;SNACKPACK_STRAWBERRY;10487;33;10485;55;;;10505;33;10507;55;;;10496.0;0.0
3;17500;SNACKPACK_VANILLA;9993;33;9991;55;;;10010;33;10012;55;;;10001.5;0.0
3;17600;SNACKPACK_RASPBERRY;10209;28;10207;51;;;10227;28;10229;51;;;10218.0;0.0
3;17600;SNACKPACK_CHOCOLATE;9927;28;9925;51;;;9944;28;9946;51;;;9935.5;0.0
3;17600;SNACKPACK_STRAWBERRY;10485;28;10483;51;;;10503;28;10505;51;;;10494.0;0.0
3;17600;SNACKPACK_VANILLA;9988;28;9986;51;;;10005;28;10007;51;;;9996.5;0.0
3;17600;SNACKPACK_PISTACHIO;9530;28;9528;51;;;9546;28;9548;51;;;9538.0;0.0
3;17700;SNACKPACK_CHOCOLATE;9931;29;9929;54;;;9947;29;9949;54;;;9939.0;0.0
3;17700;SNACKPACK_RASPBERRY;10216;29;10214;54;;;10233;29;10235;54;;;10224.5;0.0
3;17700;SNACKPACK_PISTACHIO;9524;29;9522;54;;;9540;29;9542;54;;;9532.0;0.0
3;17700;SNACKPACK_VANILLA;9982;29;9980;54;;;9999;29;10001;54;;;9990.5;0.0
3;17700;SNACKPACK_STRAWBERRY;10480;29;10477;54;;;10497;29;10499;54;;;10488.5;0.0
3;17800;SNACKPACK_VANILLA;9976;32;9974;48;;;9993;32;9995;48;;;9984.5;0.0
3;17800;SNACKPACK_RASPBERRY;10214;32;10212;48;;;10231;32;10233;48;;;10222.5;0.0
3;17800;SNACKPACK_CHOCOLATE;9933;32;9931;48;;;9950;32;9952;48;;;9941.5;0.0
3;17800;SNACKPACK_PISTACHIO;9521;32;9519;48;;;9537;32;9539;48;;;9529.0;0.0
3;17800;SNACKPACK_STRAWBERRY;10478;32;10475;48;;;10495;32;10497;48;;;10486.5;0.0
3;17900;SNACKPACK_VANILLA;9982;34;9980;60;;;9999;34;10001;60;;;9990.5;0.0
3;17900;SNACKPACK_RASPBERRY;10210;34;10208;60;;;10227;34;10229;60;;;10218.5;0.0
3;17900;SNACKPACK_PISTACHIO;9528;34;9526;60;;;9544;34;9546;60;;;9536.0;0.0
3;17900;SNACKPACK_CHOCOLATE;9928;34;9926;60;;;9945;34;9947;60;;;9936.5;0.0
3;17900;SNACKPACK_STRAWBERRY;10482;34;10480;60;;;10500;34;10502;60;;;10491.0;0.0
3;18000;SNACKPACK_RASPBERRY;10204;34;10202;45;;;10222;34;10224;45;;;10213.0;0.0
3;18000;SNACKPACK_STRAWBERRY;10488;34;10486;45;;;10506;34;10508;45;;;10497.0;0.0
3;18000;SNACKPACK_VANILLA;9975;34;9973;45;;;9992;34;9994;45;;;9983.5;0.0
3;18000;SNACKPACK_PISTACHIO;9531;34;9529;45;;;9547;34;9549;45;;;9539.0;0.0
3;18000;SNACKPACK_CHOCOLATE;9934;34;9932;45;;;9951;34;9952;45;;;9942.5;0.0
3;18100;SNACKPACK_STRAWBERRY;10481;20;10479;54;;;10499;20;10501;54;;;10490.0;0.0
3;18100;SNACKPACK_RASPBERRY;10209;20;10207;54;;;10227;20;10229;54;;;10218.0;0.0
3;18100;SNACKPACK_PISTACHIO;9530;20;9528;54;;;9546;20;9548;54;;;9538.0;0.0
3;18100;SNACKPACK_VANILLA;9968;20;9966;54;;;9985;20;9987;54;;;9976.5;0.0
3;18100;SNACKPACK_CHOCOLATE;9938;20;9936;54;;;9955;20;9957;54;;;9946.5;0.0
3;18200;SNACKPACK_STRAWBERRY;10478;30;10476;49;;;10496;30;10498;49;;;10487.0;0.0
3;18200;SNACKPACK_PISTACHIO;9526;30;9524;49;;;9542;30;9544;49;;;9534.0;0.0
3;18200;SNACKPACK_VANILLA;9970;30;9968;49;;;9987;30;9989;49;;;9978.5;0.0
3;18200;SNACKPACK_CHOCOLATE;9936;30;9934;49;;;9953;30;9955;49;;;9944.5;0.0
3;18200;SNACKPACK_RASPBERRY;10213;30;10211;49;;;10230;30;10232;49;;;10221.5;0.0
3;18300;SNACKPACK_CHOCOLATE;9936;23;9934;41;;;9953;23;9955;41;;;9944.5;0.0
3;18300;SNACKPACK_PISTACHIO;9528;23;9526;41;;;9545;23;9547;41;;;9536.5;0.0
3;18300;SNACKPACK_STRAWBERRY;10482;23;10479;41;;;10499;23;10501;41;;;10490.5;0.0
3;18300;SNACKPACK_VANILLA;9967;23;9965;41;;;9984;23;9986;41;;;9975.5;0.0
3;18300;SNACKPACK_RASPBERRY;10211;23;10209;41;;;10229;23;10231;41;;;10220.0;0.0
3;18400;SNACKPACK_CHOCOLATE;9942;38;9940;53;;;9959;38;9961;53;;;9950.5;0.0
3;18400;SNACKPACK_PISTACHIO;9537;38;9535;53;;;9553;38;9555;53;;;9545.0;0.0
3;18400;SNACKPACK_STRAWBERRY;10492;38;10490;53;;;10510;38;10512;53;;;10501.0;0.0
3;18400;SNACKPACK_VANILLA;9962;38;9960;53;;;9979;38;9981;53;;;9970.5;0.0
3;18400;SNACKPACK_RASPBERRY;10202;38;10200;53;;;10219;38;10221;53;;;10210.5;0.0
3;18500;SNACKPACK_PISTACHIO;9541;35;9539;54;;;9557;35;9559;54;;;9549.0;0.0
3;18500;SNACKPACK_CHOCOLATE;9929;35;9927;54;;;9946;35;9948;54;;;9937.5;0.0
3;18500;SNACKPACK_VANILLA;9976;35;9974;54;;;9993;35;9995;54;;;9984.5;0.0
3;18500;SNACKPACK_STRAWBERRY;10490;35;10488;54;;;10508;35;10510;54;;;10499.0;0.0
3;18500;SNACKPACK_RASPBERRY;10205;35;10203;54;;;10223;35;10225;54;;;10214.0;0.0
3;18600;SNACKPACK_CHOCOLATE;9935;29;9933;60;;;9952;29;9954;60;;;9943.5;0.0
3;18600;SNACKPACK_RASPBERRY;10198;29;10196;60;;;10215;29;10217;60;;;10206.5;0.0
3;18600;SNACKPACK_STRAWBERRY;10500;29;10498;60;;;10518;29;10520;60;;;10509.0;0.0
3;18600;SNACKPACK_PISTACHIO;9546;29;9544;60;;;9562;29;9564;60;;;9554.0;0.0
3;18600;SNACKPACK_VANILLA;9972;29;9970;60;;;9989;29;9991;60;;;9980.5;0.0
3;18700;SNACKPACK_RASPBERRY;10185;20;10183;50;;;10193;2;10202;20;10204;50;10189.0;0.0
3;18700;SNACKPACK_CHOCOLATE;9941;20;9939;50;;;9949;2;9958;20;9960;50;9945.0;0.0
3;18700;SNACKPACK_STRAWBERRY;10515;20;10513;50;;;10523;2;10533;20;10535;50;10519.0;0.0
3;18700;SNACKPACK_VANILLA;9964;20;9962;50;;;9972;2;9981;20;9983;50;9968.0;0.0
3;18700;SNACKPACK_PISTACHIO;9557;20;9555;50;;;9564;2;9573;20;9575;50;9560.5;0.0
3;18800;SNACKPACK_VANILLA;9960;36;9958;59;;;9977;36;9979;59;;;9968.5;0.0
3;18800;SNACKPACK_RASPBERRY;10191;36;10189;59;;;10208;36;10210;59;;;10199.5;0.0
3;18800;SNACKPACK_CHOCOLATE;9944;36;9942;59;;;9961;36;9963;59;;;9952.5;0.0
3;18800;SNACKPACK_PISTACHIO;9550;36;9548;59;;;9566;36;9568;59;;;9558.0;0.0
3;18800;SNACKPACK_STRAWBERRY;10511;36;10509;59;;;10528;36;10531;59;;;10519.5;0.0
3;18900;SNACKPACK_VANILLA;9951;20;9949;47;;;9968;20;9970;47;;;9959.5;0.0
3;18900;SNACKPACK_RASPBERRY;10188;20;10186;47;;;10206;20;10208;47;;;10197.0;0.0
3;18900;SNACKPACK_CHOCOLATE;9953;20;9951;47;;;9970;20;9972;47;;;9961.5;0.0
3;18900;SNACKPACK_PISTACHIO;9552;20;9550;47;;;9569;20;9571;47;;;9560.5;0.0
3;18900;SNACKPACK_STRAWBERRY;10511;20;10509;47;;;10529;20;10531;47;;;10520.0;0.0
3;19000;SNACKPACK_VANILLA;9955;21;9953;55;;;9972;21;9974;55;;;9963.5;0.0
3;19000;SNACKPACK_RASPBERRY;10187;21;10185;55;;;10205;21;10207;55;;;10196.0;0.0
3;19000;SNACKPACK_PISTACHIO;9550;21;9548;55;;;9566;21;9568;55;;;9558.0;0.0
3;19000;SNACKPACK_CHOCOLATE;9951;21;9949;55;;;9968;21;9970;55;;;9959.5;0.0
3;19000;SNACKPACK_STRAWBERRY;10509;21;10507;55;;;10527;21;10529;55;;;10518.0;0.0
3;19100;SNACKPACK_RASPBERRY;10199;30;10197;57;;;10217;30;10219;57;;;10208.0;0.0
3;19100;SNACKPACK_STRAWBERRY;10493;30;10491;57;;;10511;30;10513;57;;;10502.0;0.0
3;19100;SNACKPACK_VANILLA;9959;30;9957;57;;;9976;30;9978;57;;;9967.5;0.0
3;19100;SNACKPACK_PISTACHIO;9541;30;9539;57;;;9558;30;9559;57;;;9549.5;0.0
3;19100;SNACKPACK_CHOCOLATE;9947;30;9945;57;;;9963;30;9965;57;;;9955.0;0.0
3;19200;SNACKPACK_STRAWBERRY;10489;4;10480;40;10478;40;10498;40;10500;40;;;10493.5;0.0
3;19200;SNACKPACK_VANILLA;9967;4;9959;40;9957;40;9976;40;9978;40;;;9971.5;0.0
3;19200;SNACKPACK_PISTACHIO;9541;4;9533;40;9531;40;9550;40;9551;40;;;9545.5;0.0
3;19200;SNACKPACK_RASPBERRY;10218;4;10210;40;10208;40;10227;40;10229;40;;;10222.5;0.0
3;19200;SNACKPACK_CHOCOLATE;9955;4;9947;40;9945;40;9964;40;9966;40;;;9959.5;0.0
3;19300;SNACKPACK_PISTACHIO;9536;37;9534;54;;;9553;37;9554;54;;;9544.5;0.0
3;19300;SNACKPACK_VANILLA;9956;37;9954;54;;;9973;37;9975;54;;;9964.5;0.0
3;19300;SNACKPACK_STRAWBERRY;10484;37;10482;54;;;10502;37;10504;54;;;10493.0;0.0
3;19300;SNACKPACK_CHOCOLATE;9948;37;9946;54;;;9965;37;9967;54;;;9956.5;0.0
3;19300;SNACKPACK_RASPBERRY;10207;37;10205;54;;;10224;37;10226;54;;;10215.5;0.0
3;19400;SNACKPACK_CHOCOLATE;9942;30;9940;42;;;9959;30;9961;42;;;9950.5;0.0
3;19400;SNACKPACK_PISTACHIO;9536;30;9534;42;;;9552;30;9554;42;;;9544.0;0.0
3;19400;SNACKPACK_STRAWBERRY;10482;30;10480;42;;;10500;30;10502;42;;;10491.0;0.0
3;19400;SNACKPACK_VANILLA;9961;30;9959;42;;;9978;30;9980;42;;;9969.5;0.0
3;19400;SNACKPACK_RASPBERRY;10206;30;10204;42;;;10224;30;10226;42;;;10215.0;0.0
3;19500;SNACKPACK_PISTACHIO;9549;2;9541;40;9539;56;9558;40;9559;56;;;9553.5;0.0
3;19500;SNACKPACK_CHOCOLATE;9955;2;9947;40;9945;56;9964;40;9966;56;;;9959.5;0.0
3;19500;SNACKPACK_STRAWBERRY;10493;2;10485;40;10483;56;10502;40;10505;56;;;10497.5;0.0
3;19500;SNACKPACK_VANILLA;9965;2;9957;40;9955;56;9974;40;9976;56;;;9969.5;0.0
3;19500;SNACKPACK_RASPBERRY;10215;2;10206;40;10204;56;10224;40;10226;56;;;10219.5;0.0
3;19600;SNACKPACK_PISTACHIO;9541;34;9539;46;;;9558;34;9559;46;;;9549.5;0.0
3;19600;SNACKPACK_CHOCOLATE;9950;34;9948;46;;;9967;34;9969;46;;;9958.5;0.0
3;19600;SNACKPACK_RASPBERRY;10198;34;10196;46;;;10216;34;10218;46;;;10207.0;0.0
3;19600;SNACKPACK_STRAWBERRY;10492;34;10490;46;;;10509;34;10512;46;;;10500.5;0.0
3;19600;SNACKPACK_VANILLA;9952;34;9951;46;;;9969;34;9971;46;;;9960.5;0.0
3;19700;SNACKPACK_CHOCOLATE;9944;37;9942;51;;;9961;37;9963;51;;;9952.5;0.0
3;19700;SNACKPACK_STRAWBERRY;10505;37;10503;51;;;10523;37;10525;51;;;10514.0;0.0
3;19700;SNACKPACK_RASPBERRY;10181;37;10179;51;;;10199;37;10201;51;;;10190.0;0.0
3;19700;SNACKPACK_PISTACHIO;9550;37;9548;51;;;9566;37;9568;51;;;9558.0;0.0
3;19700;SNACKPACK_VANILLA;9957;37;9955;51;;;9974;37;9976;51;;;9965.5;0.0
3;19800;SNACKPACK_CHOCOLATE;9941;27;9939;47;;;9958;27;9960;47;;;9949.5;0.0
3;19800;SNACKPACK_RASPBERRY;10191;27;10189;47;;;10208;27;10210;47;;;10199.5;0.0
3;19800;SNACKPACK_STRAWBERRY;10496;27;10494;47;;;10514;27;10516;47;;;10505.0;0.0
3;19800;SNACKPACK_VANILLA;9962;27;9960;47;;;9979;27;9981;47;;;9970.5;0.0
3;19800;SNACKPACK_PISTACHIO;9543;27;9541;47;;;9559;27;9561;47;;;9551.0;0.0
3;19900;SNACKPACK_VANILLA;9958;27;9956;60;;;9975;27;9977;60;;;9966.5;0.0
3;19900;SNACKPACK_RASPBERRY;10179;27;10177;60;;;10197;27;10199;60;;;10188.0;0.0
3;19900;SNACKPACK_CHOCOLATE;9946;27;9944;60;;;9963;27;9965;60;;;9954.5;0.0
3;19900;SNACKPACK_PISTACHIO;9548;27;9547;60;;;9565;27;9567;60;;;9556.5;0.0
3;19900;SNACKPACK_STRAWBERRY;10507;27;10505;60;;;10525;27;10527;60;;;10516.0;0.0
3;20000;SNACKPACK_VANILLA;9952;34;9950;44;;;9969;34;9971;44;;;9960.5;0.0
3;20000;SNACKPACK_RASPBERRY;10174;34;10171;44;;;10191;34;10193;44;;;10182.5;0.0
3;20000;SNACKPACK_PISTACHIO;9552;34;9550;44;;;9568;34;9570;44;;;9560.0;0.0
3;20000;SNACKPACK_CHOCOLATE;9953;34;9951;44;;;9970;34;9972;44;;;9961.5;0.0
3;20000;SNACKPACK_STRAWBERRY;10514;34;10512;44;;;10532;34;10534;44;;;10523.0;0.0
3;20100;SNACKPACK_VANILLA;9953;31;9951;54;;;9970;31;9972;54;;;9961.5;0.0
3;20100;SNACKPACK_STRAWBERRY;10528;31;10526;54;;;10546;31;10548;54;;;10537.0;0.0
3;20100;SNACKPACK_RASPBERRY;10160;31;10158;54;;;10177;31;10179;54;;;10168.5;0.0
3;20100;SNACKPACK_PISTACHIO;9560;31;9558;54;;;9576;31;9578;54;;;9568.0;0.0
3;20100;SNACKPACK_CHOCOLATE;9950;31;9948;54;;;9967;31;9969;54;;;9958.5;0.0
3;20200;SNACKPACK_RASPBERRY;10172;39;10170;60;;;10189;39;10191;60;;;10180.5;0.0
3;20200;SNACKPACK_STRAWBERRY;10518;39;10516;60;;;10536;39;10538;60;;;10527.0;0.0
3;20200;SNACKPACK_VANILLA;9956;39;9954;60;;;9972;39;9974;60;;;9964.0;0.0
3;20200;SNACKPACK_PISTACHIO;9555;39;9553;60;;;9571;39;9573;60;;;9563.0;0.0
3;20200;SNACKPACK_CHOCOLATE;9949;39;9947;60;;;9966;39;9968;60;;;9957.5;0.0
3;20300;SNACKPACK_STRAWBERRY;10521;28;10519;51;;;10539;28;10541;51;;;10530.0;0.0
3;20300;SNACKPACK_VANILLA;9964;28;9962;51;;;9981;28;9983;51;;;9972.5;0.0
3;20300;SNACKPACK_PISTACHIO;9559;28;9557;51;;;9575;28;9577;51;;;9567.0;0.0
3;20300;SNACKPACK_RASPBERRY;10168;28;10166;51;;;10186;28;10188;51;;;10177.0;0.0
3;20300;SNACKPACK_CHOCOLATE;9939;28;9937;51;;;9956;28;9958;51;;;9947.5;0.0
3;20400;SNACKPACK_CHOCOLATE;9944;24;9942;56;;;9961;24;9963;56;;;9952.5;0.0
3;20400;SNACKPACK_PISTACHIO;9563;24;9561;56;;;9580;24;9582;56;;;9571.5;0.0
3;20400;SNACKPACK_STRAWBERRY;10523;24;10521;56;;;10541;24;10543;56;;;10532.0;0.0
3;20400;SNACKPACK_VANILLA;9955;24;9953;56;;;9972;24;9974;56;;;9963.5;0.0
3;20400;SNACKPACK_RASPBERRY;10165;24;10163;56;;;10182;24;10184;56;;;10173.5;0.0
3;20500;SNACKPACK_CHOCOLATE;9945;20;9943;54;;;9962;20;9964;54;;;9953.5;0.0
3;20500;SNACKPACK_PISTACHIO;9563;20;9561;54;;;9580;20;9582;54;;;9571.5;0.0
3;20500;SNACKPACK_STRAWBERRY;10524;20;10522;54;;;10541;20;10544;54;;;10532.5;0.0
3;20500;SNACKPACK_VANILLA;9955;20;9953;54;;;9972;20;9974;54;;;9963.5;0.0
3;20500;SNACKPACK_RASPBERRY;10163;20;10160;54;;;10180;20;10182;54;;;10171.5;0.0
3;20600;SNACKPACK_PISTACHIO;9555;20;9553;40;;;9571;20;9573;40;;;9563.0;0.0
3;20600;SNACKPACK_CHOCOLATE;9948;20;9946;40;;;9965;20;9967;40;;;9956.5;0.0
3;20600;SNACKPACK_STRAWBERRY;10513;20;10511;40;;;10531;20;10533;40;;;10522.0;0.0
3;20600;SNACKPACK_VANILLA;9950;20;9948;40;;;9967;20;9969;40;;;9958.5;0.0
3;20600;SNACKPACK_RASPBERRY;10174;20;10172;40;;;10192;20;10194;40;;;10183.0;0.0
3;20700;SNACKPACK_PISTACHIO;9548;32;9546;58;;;9564;32;9566;58;;;9556.0;0.0
3;20700;SNACKPACK_CHOCOLATE;9942;32;9940;58;;;9959;32;9961;58;;;9950.5;0.0
3;20700;SNACKPACK_RASPBERRY;10173;32;10171;58;;;10191;32;10193;58;;;10182.0;0.0
3;20700;SNACKPACK_STRAWBERRY;10510;32;10508;58;;;10527;32;10530;58;;;10518.5;0.0
3;20700;SNACKPACK_VANILLA;9958;32;9956;58;;;9975;32;9977;58;;;9966.5;0.0
3;20800;SNACKPACK_RASPBERRY;10166;39;10164;40;;;10183;39;10185;40;;;10174.5;0.0
3;20800;SNACKPACK_CHOCOLATE;9942;39;9940;40;;;9958;39;9960;40;;;9950.0;0.0
3;20800;SNACKPACK_STRAWBERRY;10515;39;10513;40;;;10533;39;10535;40;;;10524.0;0.0
3;20800;SNACKPACK_VANILLA;9955;39;9953;40;;;9972;39;9974;40;;;9963.5;0.0
3;20800;SNACKPACK_PISTACHIO;9551;39;9549;40;;;9567;39;9569;40;;;9559.0;0.0
3;20900;SNACKPACK_CHOCOLATE;9951;26;9949;60;;;9968;26;9970;60;;;9959.5;0.0
3;20900;SNACKPACK_RASPBERRY;10175;26;10173;60;;;10193;26;10195;60;;;10184.0;0.0
3;20900;SNACKPACK_VANILLA;9946;26;9944;60;;;9963;26;9965;60;;;9954.5;0.0
3;20900;SNACKPACK_PISTACHIO;9545;26;9543;60;;;9561;26;9563;60;;;9553.0;0.0
3;20900;SNACKPACK_STRAWBERRY;10508;26;10506;60;;;10525;26;10528;60;;;10516.5;0.0
3;21000;SNACKPACK_VANILLA;9940;40;9938;47;;;9957;40;9959;47;;;9948.5;0.0
3;21000;SNACKPACK_RASPBERRY;10186;40;10184;47;;;10204;40;10206;47;;;10195.0;0.0
3;21000;SNACKPACK_CHOCOLATE;9958;40;9956;47;;;9975;40;9977;47;;;9966.5;0.0
3;21000;SNACKPACK_PISTACHIO;9537;40;9535;47;;;9553;40;9555;47;;;9545.0;0.0
3;21000;SNACKPACK_STRAWBERRY;10495;40;10493;47;;;10513;40;10515;47;;;10504.0;0.0
3;21100;SNACKPACK_VANILLA;9932;39;9930;59;;;9949;39;9951;59;;;9940.5;0.0
3;21100;SNACKPACK_RASPBERRY;10177;39;10175;59;;;10194;39;10196;59;;;10185.5;0.0
3;21100;SNACKPACK_PISTACHIO;9543;39;9541;59;;;9559;39;9561;59;;;9551.0;0.0
3;21100;SNACKPACK_CHOCOLATE;9966;39;9964;59;;;9983;39;9985;59;;;9974.5;0.0
3;21100;SNACKPACK_STRAWBERRY;10505;39;10503;59;;;10523;39;10525;59;;;10514.0;0.0
3;21200;SNACKPACK_RASPBERRY;10184;35;10182;57;;;10202;35;10204;57;;;10193.0;0.0
3;21200;SNACKPACK_STRAWBERRY;10501;35;10499;57;;;10519;35;10521;57;;;10510.0;0.0
3;21200;SNACKPACK_VANILLA;9922;35;9920;57;;;9939;35;9941;57;;;9930.5;0.0
3;21200;SNACKPACK_PISTACHIO;9541;35;9539;57;;;9557;35;9559;57;;;9549.0;0.0
3;21200;SNACKPACK_CHOCOLATE;9975;35;9973;57;;;9992;35;9994;57;;;9983.5;0.0
3;21300;SNACKPACK_RASPBERRY;10195;29;10193;43;;;10213;29;10215;43;;;10204.0;0.0
3;21300;SNACKPACK_STRAWBERRY;10494;29;10492;43;;;10512;29;10514;43;;;10503.0;0.0
3;21300;SNACKPACK_VANILLA;9918;29;9916;43;;;9935;29;9937;43;;;9926.5;0.0
3;21300;SNACKPACK_PISTACHIO;9538;29;9536;43;;;9554;29;9556;43;;;9546.0;0.0
3;21300;SNACKPACK_CHOCOLATE;9981;29;9979;43;;;9998;29;10000;43;;;9989.5;0.0
3;21400;SNACKPACK_STRAWBERRY;10496;29;10494;49;;;10514;29;10516;49;;;10505.0;0.0
3;21400;SNACKPACK_VANILLA;9918;29;9916;49;;;9935;29;9937;49;;;9926.5;0.0
3;21400;SNACKPACK_PISTACHIO;9542;29;9541;49;;;9559;29;9561;49;;;9550.5;0.0
3;21400;SNACKPACK_CHOCOLATE;9978;29;9976;49;;;9995;29;9997;49;;;9986.5;0.0
3;21400;SNACKPACK_RASPBERRY;10192;29;10190;49;;;10210;29;10212;49;;;10201.0;0.0
3;21500;SNACKPACK_CHOCOLATE;9984;28;9982;47;;;10001;28;10003;47;;;9992.5;0.0
3;21500;SNACKPACK_PISTACHIO;9543;28;9541;47;;;9559;28;9561;47;;;9551.0;0.0
3;21500;SNACKPACK_STRAWBERRY;10497;28;10495;47;;;10515;28;10517;47;;;10506.0;0.0
3;21500;SNACKPACK_VANILLA;9914;28;9912;47;;;9931;28;9933;47;;;9922.5;0.0
3;21500;SNACKPACK_RASPBERRY;10195;28;10193;47;;;10212;28;10214;47;;;10203.5;0.0
3;21600;SNACKPACK_PISTACHIO;9548;24;9546;46;;;9564;24;9566;46;;;9556.0;0.0
3;21600;SNACKPACK_CHOCOLATE;9979;24;9977;46;;;9996;24;9998;46;;;9987.5;0.0
3;21600;SNACKPACK_STRAWBERRY;10505;24;10503;46;;;10523;24;10525;46;;;10514.0;0.0
3;21600;SNACKPACK_VANILLA;9918;24;9916;46;;;9934;24;9936;46;;;9926.0;0.0
3;21600;SNACKPACK_RASPBERRY;10183;24;10181;46;;;10201;24;10203;46;;;10192.0;0.0
3;21700;SNACKPACK_PISTACHIO;9550;34;9549;41;;;9567;34;9569;41;;;9558.5;0.0
3;21700;SNACKPACK_CHOCOLATE;9985;34;9983;41;;;10002;34;10004;41;;;9993.5;0.0
3;21700;SNACKPACK_VANILLA;9913;34;9911;41;;;9930;34;9932;41;;;9921.5;0.0
3;21700;SNACKPACK_RASPBERRY;10178;34;10176;41;;;10195;34;10197;41;;;10186.5;0.0
3;21700;SNACKPACK_STRAWBERRY;10511;34;10509;41;;;10529;34;10531;41;;;10520.0;0.0
3;21800;SNACKPACK_CHOCOLATE;9984;34;9982;59;;;10001;34;10003;59;;;9992.5;0.0
3;21800;SNACKPACK_RASPBERRY;10169;34;10167;59;;;10187;34;10189;59;;;10178.0;0.0
3;21800;SNACKPACK_STRAWBERRY;10516;34;10514;59;;;10534;34;10536;59;;;10525.0;0.0
3;21800;SNACKPACK_VANILLA;9913;34;9911;59;;;9930;34;9932;59;;;9921.5;0.0
3;21800;SNACKPACK_PISTACHIO;9552;34;9550;59;;;9569;34;9570;59;;;9560.5;0.0
3;21900;SNACKPACK_RASPBERRY;10172;33;10170;58;;;10190;33;10192;58;;;10181.0;0.0
3;21900;SNACKPACK_CHOCOLATE;9982;33;9980;58;;;9999;33;10001;58;;;9990.5;0.0
3;21900;SNACKPACK_STRAWBERRY;10516;33;10513;58;;;10533;33;10535;58;;;10524.5;0.0
3;21900;SNACKPACK_VANILLA;9917;33;9915;58;;;9934;33;9936;58;;;9925.5;0.0
3;21900;SNACKPACK_PISTACHIO;9553;33;9552;58;;;9570;33;9572;58;;;9561.5;0.0
3;22000;SNACKPACK_VANILLA;9914;25;9912;50;;;9931;25;9933;50;;;9922.5;0.0
3;22000;SNACKPACK_RASPBERRY;10168;25;10166;50;;;10185;25;10187;50;;;10176.5;0.0
3;22000;SNACKPACK_CHOCOLATE;9985;25;9983;50;;;10002;25;10004;50;;;9993.5;0.0
3;22000;SNACKPACK_PISTACHIO;9555;25;9553;50;;;9571;25;9573;50;;;9563.0;0.0
3;22000;SNACKPACK_STRAWBERRY;10520;25;10517;50;;;10537;25;10539;50;;;10528.5;0.0
3;22100;SNACKPACK_VANILLA;9925;22;9923;47;;;9941;22;9943;47;;;9933.0;0.0
3;22100;SNACKPACK_RASPBERRY;10170;22;10168;47;;;10187;22;10189;47;;;10178.5;0.0
3;22100;SNACKPACK_CHOCOLATE;9975;22;9973;47;;;9992;22;9994;47;;;9983.5;0.0
3;22100;SNACKPACK_PISTACHIO;9550;22;9548;47;;;9566;22;9568;47;;;9558.0;0.0
3;22100;SNACKPACK_STRAWBERRY;10517;22;10514;47;;;10534;22;10536;47;;;10525.5;0.0
3;22200;SNACKPACK_VANILLA;9920;29;9918;40;;;9937;29;9939;40;;;9928.5;0.0
3;22200;SNACKPACK_RASPBERRY;10159;29;10157;40;;;10176;29;10178;40;;;10167.5;0.0
3;22200;SNACKPACK_PISTACHIO;9556;29;9555;40;;;9573;29;9575;40;;;9564.5;0.0
3;22200;SNACKPACK_CHOCOLATE;9980;29;9978;40;;;9997;29;9999;40;;;9988.5;0.0
3;22200;SNACKPACK_STRAWBERRY;10531;29;10529;40;;;10549;29;10551;40;;;10540.0;0.0
3;22300;SNACKPACK_RASPBERRY;10159;4;10151;30;10149;50;10168;30;10170;50;;;10163.5;0.0
3;22300;SNACKPACK_STRAWBERRY;10545;4;10537;30;10535;50;10555;30;10557;50;;;10550.0;0.0
3;22300;SNACKPACK_VANILLA;9926;4;9918;30;9916;50;9935;30;9937;50;;;9930.5;0.0
3;22300;SNACKPACK_PISTACHIO;9565;4;9557;30;9555;50;9573;30;9575;50;;;9569.0;0.0
3;22300;SNACKPACK_CHOCOLATE;9992;4;9984;30;9982;50;10001;30;10003;50;;;9996.5;0.0
3;22400;SNACKPACK_STRAWBERRY;10530;20;10528;51;;;10548;20;10550;51;;;10539.0;0.0
3;22400;SNACKPACK_VANILLA;9916;20;9914;51;;;9933;20;9935;51;;;9924.5;0.0
3;22400;SNACKPACK_PISTACHIO;9552;20;9550;51;;;9568;20;9570;51;;;9560.0;0.0
3;22400;SNACKPACK_RASPBERRY;10155;20;10153;51;;;10172;20;10174;51;;;10163.5;0.0
3;22400;SNACKPACK_CHOCOLATE;9985;20;9983;51;;;10002;20;10004;51;;;9993.5;0.0
3;22500;SNACKPACK_VANILLA;9914;6;9906;34;9904;50;9923;34;9925;50;;;9918.5;0.0
3;22500;SNACKPACK_PISTACHIO;9562;6;9555;34;9553;50;9571;34;9573;50;;;9566.5;0.0
3;22500;SNACKPACK_STRAWBERRY;10545;6;10536;34;10534;50;10554;34;10556;50;;;10549.5;0.0
3;22500;SNACKPACK_CHOCOLATE;10001;6;9993;34;9991;50;10010;34;10012;50;;;10005.5;0.0
3;22500;SNACKPACK_RASPBERRY;10157;6;10149;34;10147;50;10167;34;10169;50;;;10162.0;0.0
3;22600;SNACKPACK_CHOCOLATE;10003;37;10001;40;;;10020;37;10022;40;;;10011.5;0.0
3;22600;SNACKPACK_PISTACHIO;9552;37;9550;40;;;9568;37;9570;40;;;9560.0;0.0
3;22600;SNACKPACK_STRAWBERRY;10526;37;10524;40;;;10544;37;10546;40;;;10535.0;0.0
3;22600;SNACKPACK_VANILLA;9898;37;9896;40;;;9915;37;9917;40;;;9906.5;0.0
3;22600;SNACKPACK_RASPBERRY;10159;37;10157;40;;;10176;37;10178;40;;;10167.5;0.0
3;22700;SNACKPACK_PISTACHIO;9557;28;9555;43;;;9573;28;9575;43;;;9565.0;0.0
3;22700;SNACKPACK_CHOCOLATE;10007;28;10005;43;;;10024;28;10026;43;;;10015.5;0.0
3;22700;SNACKPACK_STRAWBERRY;10533;28;10531;43;;;10551;28;10553;43;;;10542.0;0.0
3;22700;SNACKPACK_VANILLA;9893;28;9891;43;;;9910;28;9912;43;;;9901.5;0.0
3;22700;SNACKPACK_RASPBERRY;10148;28;10146;43;;;10166;28;10168;43;;;10157.0;0.0
3;22800;SNACKPACK_PISTACHIO;9554;27;9552;42;;;9571;27;9573;42;;;9562.5;0.0
3;22800;SNACKPACK_CHOCOLATE;9997;27;9995;42;;;10014;27;10016;42;;;10005.5;0.0
3;22800;SNACKPACK_RASPBERRY;10154;27;10152;42;;;10172;27;10174;42;;;10163.0;0.0
3;22800;SNACKPACK_STRAWBERRY;10526;27;10523;42;;;10543;27;10546;42;;;10534.5;0.0
3;22800;SNACKPACK_VANILLA;9904;27;9902;42;;;9920;27;9922;42;;;9912.0;0.0
3;22900;SNACKPACK_CHOCOLATE;10005;34;10003;58;;;10022;34;10024;58;;;10013.5;0.0
3;22900;SNACKPACK_RASPBERRY;10149;34;10147;58;;;10167;34;10169;58;;;10158.0;0.0
3;22900;SNACKPACK_STRAWBERRY;10533;34;10531;58;;;10550;34;10553;58;;;10541.5;0.0
3;22900;SNACKPACK_VANILLA;9895;34;9893;58;;;9912;34;9914;58;;;9903.5;0.0
3;22900;SNACKPACK_PISTACHIO;9557;34;9555;58;;;9573;34;9575;58;;;9565.0;0.0
3;23000;SNACKPACK_CHOCOLATE;10006;26;10004;47;;;10023;26;10025;47;;;10014.5;0.0
3;23000;SNACKPACK_RASPBERRY;10160;26;10158;47;;;10178;26;10180;47;;;10169.0;0.0
3;23000;SNACKPACK_STRAWBERRY;10520;26;10518;47;;;10538;26;10540;47;;;10529.0;0.0
3;23000;SNACKPACK_VANILLA;9893;26;9891;47;;;9910;26;9912;47;;;9901.5;0.0
3;23000;SNACKPACK_PISTACHIO;9548;26;9546;47;;;9565;26;9567;47;;;9556.5;0.0
3;23100;SNACKPACK_VANILLA;9899;33;9897;57;;;9915;33;9917;57;;;9907.0;0.0
3;23100;SNACKPACK_RASPBERRY;10163;33;10161;57;;;10181;33;10183;57;;;10172.0;0.0
3;23100;SNACKPACK_CHOCOLATE;10002;33;10000;57;;;10019;33;10021;57;;;10010.5;0.0
3;23100;SNACKPACK_PISTACHIO;9546;33;9544;57;;;9563;33;9565;57;;;9554.5;0.0
3;23100;SNACKPACK_STRAWBERRY;10517;33;10515;57;;;10535;33;10537;57;;;10526.0;0.0
3;23200;SNACKPACK_VANILLA;9898;31;9896;55;;;9915;31;9917;55;;;9906.5;0.0
3;23200;SNACKPACK_RASPBERRY;10165;31;10163;55;;;10182;31;10184;55;;;10173.5;0.0
3;23200;SNACKPACK_PISTACHIO;9544;31;9542;55;;;9561;31;9563;55;;;9552.5;0.0
3;23200;SNACKPACK_CHOCOLATE;10002;31;10000;55;;;10019;31;10021;55;;;10010.5;0.0
3;23200;SNACKPACK_STRAWBERRY;10515;31;10513;55;;;10533;31;10535;55;;;10524.0;0.0
3;23300;SNACKPACK_VANILLA;9892;24;9890;54;;;9908;24;9910;54;;;9900.0;0.0
3;23300;SNACKPACK_RASPBERRY;10172;24;10170;54;;;10190;24;10192;54;;;10181.0;0.0
3;23300;SNACKPACK_STRAWBERRY;10509;24;10507;54;;;10526;24;10529;54;;;10517.5;0.0
3;23300;SNACKPACK_PISTACHIO;9537;24;9536;54;;;9554;24;9556;54;;;9545.5;0.0
3;23300;SNACKPACK_CHOCOLATE;10008;24;10006;54;;;10025;24;10027;54;;;10016.5;0.0
3;23400;SNACKPACK_RASPBERRY;10183;24;10181;40;;;10200;24;10202;40;;;10191.5;0.0
3;23400;SNACKPACK_STRAWBERRY;10500;24;10498;40;;;10518;24;10520;40;;;10509.0;0.0
3;23400;SNACKPACK_VANILLA;9893;24;9891;40;;;9909;24;9911;40;;;9901.0;0.0
3;23400;SNACKPACK_PISTACHIO;9528;24;9526;40;;;9545;24;9547;40;;;9536.5;0.0
3;23400;SNACKPACK_CHOCOLATE;10007;24;10005;40;;;10024;24;10026;40;;;10015.5;0.0
3;23500;SNACKPACK_STRAWBERRY;10499;30;10497;45;;;10517;30;10519;45;;;10508.0;0.0
3;23500;SNACKPACK_VANILLA;9904;30;9902;45;;;9921;30;9923;45;;;9912.5;0.0
3;23500;SNACKPACK_PISTACHIO;9524;30;9522;45;;;9540;30;9542;45;;;9532.0;0.0
3;23500;SNACKPACK_RASPBERRY;10185;30;10183;45;;;10203;30;10205;45;;;10194.0;0.0
3;23500;SNACKPACK_CHOCOLATE;9997;30;9995;45;;;10014;30;10016;45;;;10005.5;0.0
3;23600;SNACKPACK_CHOCOLATE;9990;28;9988;47;;;10007;28;10009;47;;;9998.5;0.0
3;23600;SNACKPACK_PISTACHIO;9518;28;9517;47;;;9535;28;9537;47;;;9526.5;0.0
3;23600;SNACKPACK_STRAWBERRY;10489;28;10487;47;;;10507;28;10509;47;;;10498.0;0.0
3;23600;SNACKPACK_VANILLA;9907;28;9905;47;;;9924;28;9926;47;;;9915.5;0.0
3;23600;SNACKPACK_RASPBERRY;10194;28;10192;47;;;10211;28;10213;47;;;10202.5;0.0
3;23700;SNACKPACK_CHOCOLATE;9992;32;9990;58;;;10009;32;10011;58;;;10000.5;0.0
3;23700;SNACKPACK_PISTACHIO;9523;32;9521;58;;;9539;32;9541;58;;;9531.0;0.0
3;23700;SNACKPACK_STRAWBERRY;10492;32;10490;58;;;10510;32;10512;58;;;10501.0;0.0
3;23700;SNACKPACK_VANILLA;9908;32;9906;58;;;9925;32;9927;58;;;9916.5;0.0
3;23700;SNACKPACK_RASPBERRY;10192;32;10190;58;;;10210;32;10212;58;;;10201.0;0.0
3;23800;SNACKPACK_PISTACHIO;9520;34;9518;47;;;9537;34;9539;47;;;9528.5;0.0
3;23800;SNACKPACK_CHOCOLATE;10002;34;10000;47;;;10019;34;10021;47;;;10010.5;0.0
3;23800;SNACKPACK_STRAWBERRY;10484;34;10481;47;;;10501;34;10503;47;;;10492.5;0.0
3;23800;SNACKPACK_VANILLA;9900;34;9898;47;;;9917;34;9919;47;;;9908.5;0.0
3;23800;SNACKPACK_RASPBERRY;10201;34;10199;47;;;10219;34;10221;47;;;10210.0;0.0
3;23900;SNACKPACK_PISTACHIO;9524;21;9522;58;;;9531;2;9540;21;9542;58;9527.5;0.0
3;23900;SNACKPACK_CHOCOLATE;10004;21;10002;58;;;10012;2;10021;21;10023;58;10008.0;0.0
3;23900;SNACKPACK_RASPBERRY;10196;21;10194;58;;;10204;2;10213;21;10215;58;10200.0;0.0
3;23900;SNACKPACK_STRAWBERRY;10489;21;10487;58;;;10497;2;10507;21;10509;58;10493.0;0.0
3;23900;SNACKPACK_VANILLA;9898;21;9896;58;;;9906;2;9915;21;9917;58;9902.0;0.0
3;24000;SNACKPACK_RASPBERRY;10203;27;10201;57;;;10220;27;10222;57;;;10211.5;0.0
3;24000;SNACKPACK_CHOCOLATE;10009;27;10007;57;;;10026;27;10028;57;;;10017.5;0.0
3;24000;SNACKPACK_STRAWBERRY;10481;27;10479;57;;;10499;27;10501;57;;;10490.0;0.0
3;24000;SNACKPACK_VANILLA;9895;27;9893;57;;;9911;27;9913;57;;;9903.0;0.0
3;24000;SNACKPACK_PISTACHIO;9519;27;9518;57;;;9536;27;9538;57;;;9527.5;0.0
3;24100;SNACKPACK_CHOCOLATE;10008;22;10006;55;;;10025;22;10027;55;;;10016.5;0.0
3;24100;SNACKPACK_RASPBERRY;10205;22;10203;55;;;10222;22;10225;55;;;10213.5;0.0
3;24100;SNACKPACK_VANILLA;9894;22;9892;55;;;9910;22;9912;55;;;9902.0;0.0
3;24100;SNACKPACK_PISTACHIO;9519;22;9517;55;;;9535;22;9537;55;;;9527.0;0.0
3;24100;SNACKPACK_STRAWBERRY;10481;22;10479;55;;;10499;22;10501;55;;;10490.0;0.0
3;24200;SNACKPACK_VANILLA;9893;35;9891;46;;;9910;35;9912;46;;;9901.5;0.0
3;24200;SNACKPACK_RASPBERRY;10206;35;10204;46;;;10223;35;10225;46;;;10214.5;0.0
3;24200;SNACKPACK_CHOCOLATE;10009;35;10007;46;;;10026;35;10028;46;;;10017.5;0.0
3;24200;SNACKPACK_PISTACHIO;9517;35;9515;46;;;9533;35;9535;46;;;9525.0;0.0
3;24200;SNACKPACK_STRAWBERRY;10479;35;10476;46;;;10496;35;10498;46;;;10487.5;0.0
3;24300;SNACKPACK_VANILLA;9885;30;9883;52;;;9901;30;9903;52;;;9893.0;0.0
3;24300;SNACKPACK_RASPBERRY;10202;30;10200;52;;;10219;30;10221;52;;;10210.5;0.0
3;24300;SNACKPACK_PISTACHIO;9522;30;9520;52;;;9538;30;9540;52;;;9530.0;0.0
3;24300;SNACKPACK_CHOCOLATE;10018;30;10016;52;;;10035;30;10037;52;;;10026.5;0.0
3;24300;SNACKPACK_STRAWBERRY;10487;30;10485;52;;;10505;30;10507;52;;;10496.0;0.0
3;24400;SNACKPACK_RASPBERRY;10211;37;10209;47;;;10228;37;10230;47;;;10219.5;0.0
3;24400;SNACKPACK_STRAWBERRY;10475;37;10473;47;;;10492;37;10495;47;;;10483.5;0.0
3;24400;SNACKPACK_VANILLA;9881;37;9879;47;;;9897;37;9899;47;;;9889.0;0.0
3;24400;SNACKPACK_PISTACHIO;9515;37;9513;47;;;9531;37;9533;47;;;9523.0;0.0
3;24400;SNACKPACK_CHOCOLATE;10023;37;10021;47;;;10040;37;10042;47;;;10031.5;0.0
3;24500;SNACKPACK_RASPBERRY;10209;36;10207;52;;;10217;5;10226;36;10229;52;10213.0;0.0
3;24500;SNACKPACK_STRAWBERRY;10474;36;10472;52;;;10482;5;10491;36;10493;52;10478.0;0.0
3;24500;SNACKPACK_VANILLA;9880;36;9878;52;;;9888;5;9897;36;9899;52;9884.0;0.0
3;24500;SNACKPACK_PISTACHIO;9514;36;9512;52;;;9522;5;9530;36;9532;52;9518.0;0.0
3;24500;SNACKPACK_CHOCOLATE;10023;36;10021;52;;;10031;5;10040;36;10042;52;10027.0;0.0
3;24600;SNACKPACK_STRAWBERRY;10480;32;10478;51;;;10498;32;10500;51;;;10489.0;0.0
3;24600;SNACKPACK_VANILLA;9883;32;9881;51;;;9900;32;9902;51;;;9891.5;0.0
3;24600;SNACKPACK_PISTACHIO;9518;32;9516;51;;;9535;32;9536;51;;;9526.5;0.0
3;24600;SNACKPACK_CHOCOLATE;10019;32;10017;51;;;10036;32;10038;51;;;10027.5;0.0
3;24600;SNACKPACK_RASPBERRY;10204;32;10202;51;;;10221;32;10223;51;;;10212.5;0.0
3;24700;SNACKPACK_CHOCOLATE;10013;30;10011;56;;;10030;30;10032;56;;;10021.5;0.0
3;24700;SNACKPACK_PISTACHIO;9527;30;9525;56;;;9543;30;9545;56;;;9535.0;0.0
3;24700;SNACKPACK_STRAWBERRY;10494;30;10492;56;;;10511;30;10514;56;;;10502.5;0.0
3;24700;SNACKPACK_VANILLA;9888;30;9886;56;;;9905;30;9907;56;;;9896.5;0.0
3;24700;SNACKPACK_RASPBERRY;10186;30;10184;56;;;10204;30;10206;56;;;10195.0;0.0
3;24800;SNACKPACK_PISTACHIO;9527;30;9525;54;;;9543;30;9545;54;;;9535.0;0.0
3;24800;SNACKPACK_CHOCOLATE;10013;30;10011;54;;;10030;30;10032;54;;;10021.5;0.0
3;24800;SNACKPACK_STRAWBERRY;10494;30;10492;54;;;10512;30;10514;54;;;10503.0;0.0
3;24800;SNACKPACK_VANILLA;9886;30;9884;54;;;9903;30;9905;54;;;9894.5;0.0
3;24800;SNACKPACK_RASPBERRY;10186;30;10184;54;;;10203;30;10205;54;;;10194.5;0.0
3;24900;SNACKPACK_PISTACHIO;9524;22;9523;54;;;9541;22;9543;54;;;9532.5;0.0
3;24900;SNACKPACK_CHOCOLATE;10020;22;10018;54;;;10037;22;10039;54;;;10028.5;0.0
3;24900;SNACKPACK_VANILLA;9881;22;9879;54;;;9898;22;9900;54;;;9889.5;0.0
3;24900;SNACKPACK_RASPBERRY;10193;22;10191;54;;;10211;22;10213;54;;;10202.0;0.0
3;24900;SNACKPACK_STRAWBERRY;10487;22;10485;54;;;10504;22;10507;54;;;10495.5;0.0
3;25000;SNACKPACK_CHOCOLATE;10022;24;10020;47;;;10040;24;10042;47;;;10031.0;0.0
3;25000;SNACKPACK_RASPBERRY;10185;24;10183;47;;;10202;24;10204;47;;;10193.5;0.0
3;25000;SNACKPACK_STRAWBERRY;10494;24;10492;47;;;10512;24;10514;47;;;10503.0;0.0
3;25000;SNACKPACK_VANILLA;9880;24;9878;47;;;9897;24;9899;47;;;9888.5;0.0
3;25000;SNACKPACK_PISTACHIO;9528;24;9526;47;;;9545;24;9547;47;;;9536.5;0.0
3;25100;SNACKPACK_RASPBERRY;10174;34;10172;42;;;10191;34;10193;42;;;10182.5;0.0
3;25100;SNACKPACK_CHOCOLATE;10015;34;10013;42;;;10032;34;10034;42;;;10023.5;0.0
3;25100;SNACKPACK_STRAWBERRY;10506;34;10504;42;;;10523;34;10526;42;;;10514.5;0.0
3;25100;SNACKPACK_VANILLA;9888;34;9886;42;;;9905;34;9907;42;;;9896.5;0.0
3;25100;SNACKPACK_PISTACHIO;9537;34;9535;42;;;9554;34;9555;42;;;9545.5;0.0
3;25200;SNACKPACK_VANILLA;9873;24;9871;58;;;9890;24;9892;58;;;9881.5;0.0
3;25200;SNACKPACK_RASPBERRY;10161;24;10159;58;;;10178;24;10180;58;;;10169.5;0.0
3;25200;SNACKPACK_CHOCOLATE;10030;24;10028;58;;;10047;24;10049;58;;;10038.5;0.0
3;25200;SNACKPACK_PISTACHIO;9546;24;9544;58;;;9562;24;9564;58;;;9554.0;0.0
3;25200;SNACKPACK_STRAWBERRY;10522;24;10520;58;;;10540;24;10542;58;;;10531.0;0.0
3;25300;SNACKPACK_VANILLA;9874;38;9872;57;;;9890;38;9892;57;;;9882.0;0.0
3;25300;SNACKPACK_RASPBERRY;10154;38;10152;57;;;10171;38;10173;57;;;10162.5;0.0
3;25300;SNACKPACK_CHOCOLATE;10029;38;10027;57;;;10046;38;10048;57;;;10037.5;0.0
3;25300;SNACKPACK_PISTACHIO;9552;38;9550;57;;;9568;38;9570;57;;;9560.0;0.0
3;25300;SNACKPACK_STRAWBERRY;10531;38;10529;57;;;10549;38;10551;57;;;10540.0;0.0
3;25400;SNACKPACK_VANILLA;9872;36;9870;43;;;9889;36;9891;43;;;9880.5;0.0
3;25400;SNACKPACK_RASPBERRY;10161;36;10159;43;;;10178;36;10180;43;;;10169.5;0.0
3;25400;SNACKPACK_CHOCOLATE;10030;36;10028;43;;;10048;36;10050;43;;;10039.0;0.0
3;25400;SNACKPACK_PISTACHIO;9546;36;9544;43;;;9562;36;9564;43;;;9554.0;0.0
3;25400;SNACKPACK_STRAWBERRY;10521;36;10519;43;;;10539;36;10541;43;;;10530.0;0.0
3;25500;SNACKPACK_RASPBERRY;10167;31;10165;41;;;10184;31;10186;41;;;10175.5;0.0
3;25500;SNACKPACK_STRAWBERRY;10511;31;10509;41;;;10529;31;10531;41;;;10520.0;0.0
3;25500;SNACKPACK_VANILLA;9868;31;9866;41;;;9885;31;9887;41;;;9876.5;0.0
3;25500;SNACKPACK_PISTACHIO;9538;31;9536;41;;;9554;31;9556;41;;;9546.0;0.0
3;25500;SNACKPACK_CHOCOLATE;10032;31;10030;41;;;10049;31;10051;41;;;10040.5;0.0
3;25600;SNACKPACK_STRAWBERRY;10496;40;10494;54;;;10504;3;10513;40;10516;54;10500.0;0.0
3;25600;SNACKPACK_VANILLA;9871;40;9869;54;;;9879;3;9887;40;9889;54;9875.0;0.0
3;25600;SNACKPACK_PISTACHIO;9529;40;9527;54;;;9536;3;9545;40;9547;54;9532.5;0.0
3;25600;SNACKPACK_CHOCOLATE;10028;40;10026;54;;;10036;3;10045;40;10047;54;10032.0;0.0
3;25600;SNACKPACK_RASPBERRY;10180;40;10178;54;;;10189;3;10198;40;10200;54;10184.5;0.0
3;25700;SNACKPACK_VANILLA;9880;38;9878;57;;;9897;38;9899;57;;;9888.5;0.0
3;25700;SNACKPACK_PISTACHIO;9541;38;9539;57;;;9557;38;9559;57;;;9549.0;0.0
3;25700;SNACKPACK_STRAWBERRY;10507;38;10505;57;;;10525;38;10527;57;;;10516.0;0.0
3;25700;SNACKPACK_CHOCOLATE;10017;38;10015;57;;;10034;38;10036;57;;;10025.5;0.0
3;25700;SNACKPACK_RASPBERRY;10171;38;10169;57;;;10188;38;10190;57;;;10179.5;0.0
3;25800;SNACKPACK_STRAWBERRY;10488;39;10486;58;;;10506;39;10508;58;;;10497.0;0.0
3;25800;SNACKPACK_CHOCOLATE;10004;39;10002;58;;;10021;39;10023;58;;;10012.5;0.0
3;25800;SNACKPACK_PISTACHIO;9530;39;9528;58;;;9547;39;9549;58;;;9538.5;0.0
3;25800;SNACKPACK_VANILLA;9893;39;9891;58;;;9910;39;9912;58;;;9901.5;0.0
