day;timestamp;product;bid_price_1;bid_volume_1;bid_price_2;bid_volume_2;bid_price_3;bid_volume_3;ask_price_1;ask_volume_1;ask_price_2;ask_volume_2;ask_price_3;ask_volume_3;mid_price;profit_and_loss
3;0;SNACKPACK_CHOCOLATE;9912;21;9910;52;;;9929;21;9931;52;;;9920.5;0.0
3;100;SNACKPACK_CHOCOLATE;9905;28;9903;48;;;9922;28;9924;48;;;9913.5;0.0
3;200;SNACKPACK_CHOCOLATE;9917;21;9915;55;;;9934;21;9936;55;;;9925.5;0.0
3;300;SNACKPACK_CHOCOLATE;9920;33;9918;44;;;9937;33;9939;44;;;9928.5;0.0
3;400;SNACKPACK_CHOCOLATE;9928;40;9926;47;;;9945;40;9947;47;;;9936.5;0.0
3;500;SNACKPACK_CHOCOLATE;9937;36;9935;49;;;9954;36;9956;49;;;9945.5;0.0
3;600;SNACKPACK_CHOCOLATE;9930;29;9928;43;;;9947;29;9949;43;;;9938.5;0.0
3;700;SNACKPACK_CHOCOLATE;9927;24;9925;50;;;9944;24;9946;50;;;9935.5;0.0
3;800;SNACKPACK_CHOCOLATE;9924;36;9922;48;;;9941;36;9943;48;;;9932.5;0.0
3;900;SNACKPACK_CHOCOLATE;9927;35;9925;60;;;9944;35;9946;60;;;9935.5;0.0
3;1000;SNACKPACK_CHOCOLATE;9926;28;9924;46;;;9943;28;9945;46;;;9934.5;0.0
3;1100;SNACKPACK_CHOCOLATE;9930;34;9928;52;;;9947;34;9949;52;;;9938.5;0.0
3;1200;SNACKPACK_CHOCOLATE;9921;33;9919;51;;;9938;33;9940;51;;;9929.5;0.0
3;1300;SNACKPACK_CHOCOLATE;9921;32;9919;56;;;9937;32;9939;56;;;9929.0;0.0
3;1400;SNACKPACK_CHOCOLATE;9915;30;9913;59;;;9931;30;9933;59;;;9923.0;0.0
3;1500;SNACKPACK_CHOCOLATE;9921;34;9919;50;;;9938;34;9940;50;;;9929.5;0.0
3;1600;SNACKPACK_CHOCOLATE;9921;33;9919;45;;;9938;33;9940;45;;;9929.5;0.0
3;1700;SNACKPACK_CHOCOLATE;9919;37;9917;58;;;9936;37;9938;58;;;9927.5;0.0
3;1800;SNACKPACK_CHOCOLATE;9910;22;9908;42;;;9927;22;9929;42;;;9918.5;0.0
3;1900;SNACKPACK_CHOCOLATE;9909;27;9907;43;;;9926;27;9928;43;;;9917.5;0.0
3;2000;SNACKPACK_CHOCOLATE;9906;29;9904;55;;;9923;29;9925;55;;;9914.5;0.0
3;2100;SNACKPACK_CHOCOLATE;9907;38;9905;41;;;9923;38;9925;41;;;9915.0;0.0
3;2200;SNACKPACK_CHOCOLATE;9906;39;9904;60;;;9923;39;9925;60;;;9914.5;0.0
3;2300;SNACKPACK_CHOCOLATE;9924;31;9922;54;;;9941;31;9943;54;;;9932.5;0.0
3;2400;SNACKPACK_CHOCOLATE;9937;26;9935;50;;;9954;26;9956;50;;;9945.5;0.0
3;2500;SNACKPACK_CHOCOLATE;9935;36;9933;48;;;9952;36;9954;48;;;9943.5;0.0
3;2600;SNACKPACK_CHOCOLATE;9933;38;9931;49;;;9950;38;9952;49;;;9941.5;0.0
3;2700;SNACKPACK_CHOCOLATE;9936;24;9934;55;;;9953;24;9955;55;;;9944.5;0.0
3;2800;SNACKPACK_CHOCOLATE;9929;26;9927;47;;;9946;26;9948;47;;;9937.5;0.0
3;2900;SNACKPACK_CHOCOLATE;9931;30;9929;57;;;9948;30;9950;57;;;9939.5;0.0
3;3000;SNACKPACK_CHOCOLATE;9930;39;9928;48;;;9947;39;9949;48;;;9938.5;0.0
3;3100;SNACKPACK_CHOCOLATE;9935;38;9934;50;;;9952;38;9954;50;;;9943.5;0.0
3;3200;SNACKPACK_CHOCOLATE;9929;24;9927;42;;;9946;24;9948;42;;;9937.5;0.0
3;3300;SNACKPACK_CHOCOLATE;9941;36;9939;56;;;9958;36;9960;56;;;9949.5;0.0
3;3400;SNACKPACK_CHOCOLATE;9939;23;9937;52;;;9956;23;9958;52;;;9947.5;0.0
3;3500;SNACKPACK_CHOCOLATE;9937;39;9935;57;;;9954;39;9956;57;;;9945.5;0.0
3;3600;SNACKPACK_CHOCOLATE;9941;30;9939;43;;;9958;30;9960;43;;;9949.5;0.0
3;3700;SNACKPACK_CHOCOLATE;9952;22;9950;48;;;9969;22;9971;48;;;9960.5;0.0
3;3800;SNACKPACK_CHOCOLATE;9953;22;9951;53;;;9970;22;9972;53;;;9961.5;0.0
3;3900;SNACKPACK_CHOCOLATE;9956;21;9954;47;;;9973;21;9975;47;;;9964.5;0.0
3;4000;SNACKPACK_CHOCOLATE;9954;28;9952;53;;;9971;28;9973;53;;;9962.5;0.0
3;4100;SNACKPACK_CHOCOLATE;9959;22;9957;43;;;9976;22;9978;43;;;9967.5;0.0
3;4200;SNACKPACK_CHOCOLATE;9958;27;9956;45;;;9975;27;9977;45;;;9966.5;0.0
3;4300;SNACKPACK_CHOCOLATE;9953;33;9951;54;;;9970;33;9972;54;;;9961.5;0.0
3;4400;SNACKPACK_CHOCOLATE;9959;6;9951;26;9949;53;9968;26;9970;53;;;9963.5;0.0
3;4500;SNACKPACK_CHOCOLATE;9950;38;9948;49;;;9958;3;9967;38;9969;49;9954.0;0.0
3;4600;SNACKPACK_CHOCOLATE;9954;29;9952;55;;;9971;29;9973;55;;;9962.5;0.0
3;4700;SNACKPACK_CHOCOLATE;9950;40;9948;60;;;9967;40;9969;60;;;9958.5;0.0
3;4800;SNACKPACK_CHOCOLATE;9952;32;9950;52;;;9969;32;9971;52;;;9960.5;0.0
3;4900;SNACKPACK_CHOCOLATE;9965;27;9963;60;;;9982;27;9984;60;;;9973.5;0.0
3;5000;SNACKPACK_CHOCOLATE;9962;26;9960;58;;;9979;26;9981;58;;;9970.5;0.0
3;5100;SNACKPACK_CHOCOLATE;9960;25;9958;42;;;9977;25;9979;42;;;9968.5;0.0
3;5200;SNACKPACK_CHOCOLATE;9949;40;9947;53;;;9966;40;9968;53;;;9957.5;0.0
3;5300;SNACKPACK_CHOCOLATE;9948;21;9946;59;;;9965;21;9967;59;;;9956.5;0.0
3;5400;SNACKPACK_CHOCOLATE;9953;28;9951;53;;;9970;28;9972;53;;;9961.5;0.0
3;5500;SNACKPACK_CHOCOLATE;9953;20;9951;60;;;9970;20;9972;60;;;9961.5;0.0
3;5600;SNACKPACK_CHOCOLATE;9946;26;9944;56;;;9963;26;9965;56;;;9954.5;0.0
3;5700;SNACKPACK_CHOCOLATE;9946;26;9944;59;;;9963;26;9965;59;;;9954.5;0.0
3;5800;SNACKPACK_CHOCOLATE;9936;27;9934;41;;;9953;27;9955;41;;;9944.5;0.0
3;5900;SNACKPACK_CHOCOLATE;9945;21;9943;54;;;9962;21;9964;54;;;9953.5;0.0
3;6000;SNACKPACK_CHOCOLATE;9950;20;9948;49;;;9967;20;9969;49;;;9958.5;0.0
3;6100;SNACKPACK_CHOCOLATE;9956;23;9954;47;;;9973;23;9975;47;;;9964.5;0.0
3;6200;SNACKPACK_CHOCOLATE;9954;34;9952;57;;;9971;34;9973;57;;;9962.5;0.0
3;6300;SNACKPACK_CHOCOLATE;9956;37;9954;47;;;9973;37;9975;47;;;9964.5;0.0
3;6400;SNACKPACK_CHOCOLATE;9950;31;9948;53;;;9967;31;9969;53;;;9958.5;0.0
3;6500;SNACKPACK_CHOCOLATE;9946;38;9944;57;;;9963;38;9965;57;;;9954.5;0.0
3;6600;SNACKPACK_CHOCOLATE;9946;40;9944;53;;;9963;40;9965;53;;;9954.5;0.0
3;6700;SNACKPACK_CHOCOLATE;9952;36;9950;58;;;9969;36;9971;58;;;9960.5;0.0
3;6800;SNACKPACK_CHOCOLATE;9954;27;9952;52;;;9970;27;9972;52;;;9962.0;0.0
3;6900;SNACKPACK_CHOCOLATE;9951;26;9949;44;;;9968;26;9970;44;;;9959.5;0.0
3;7000;SNACKPACK_CHOCOLATE;9940;30;9938;54;;;9957;30;9958;54;;;9948.5;0.0
3;7100;SNACKPACK_CHOCOLATE;9933;21;9931;43;;;9950;21;9952;43;;;9941.5;0.0
3;7200;SNACKPACK_CHOCOLATE;9926;25;9924;53;;;9943;25;9945;53;;;9934.5;0.0
3;7300;SNACKPACK_CHOCOLATE;9931;22;9929;43;;;9948;22;9950;43;;;9939.5;0.0
3;7400;SNACKPACK_CHOCOLATE;9920;22;9918;54;;;9937;22;9939;54;;;9928.5;0.0
3;7500;SNACKPACK_CHOCOLATE;9921;35;9919;50;;;9938;35;9940;50;;;9929.5;0.0
3;7600;SNACKPACK_CHOCOLATE;9935;35;9933;47;;;9952;35;9954;47;;;9943.5;0.0
3;7700;SNACKPACK_CHOCOLATE;9932;25;9930;59;;;9949;25;9951;59;;;9940.5;0.0
3;7800;SNACKPACK_CHOCOLATE;9931;24;9929;46;;;9948;24;9949;46;;;9939.5;0.0
3;7900;SNACKPACK_CHOCOLATE;9935;38;9933;45;;;9952;38;9954;45;;;9943.5;0.0
3;8000;SNACKPACK_CHOCOLATE;9939;26;9937;48;;;9956;26;9958;48;;;9947.5;0.0
3;8100;SNACKPACK_CHOCOLATE;9932;20;9930;54;;;9940;5;9949;20;9951;54;9936.0;0.0
3;8200;SNACKPACK_CHOCOLATE;9936;38;9934;58;;;9953;38;9955;58;;;9944.5;0.0
3;8300;SNACKPACK_CHOCOLATE;9928;29;9926;46;;;9944;29;9946;46;;;9936.0;0.0
3;8400;SNACKPACK_CHOCOLATE;9919;24;9917;54;;;9936;24;9938;54;;;9927.5;0.0
3;8500;SNACKPACK_CHOCOLATE;9914;38;9912;52;;;9931;38;9933;52;;;9922.5;0.0
3;8600;SNACKPACK_CHOCOLATE;9909;39;9907;45;;;9926;39;9928;45;;;9917.5;0.0
3;8700;SNACKPACK_CHOCOLATE;9917;35;9915;44;;;9934;35;9936;44;;;9925.5;0.0
3;8800;SNACKPACK_CHOCOLATE;9918;23;9916;53;;;9935;23;9937;53;;;9926.5;0.0
3;8900;SNACKPACK_CHOCOLATE;9934;38;9932;59;;;9951;38;9953;59;;;9942.5;0.0
3;9000;SNACKPACK_CHOCOLATE;9941;30;9939;42;;;9958;30;9960;42;;;9949.5;0.0
3;9100;SNACKPACK_CHOCOLATE;9932;37;9930;60;;;9949;37;9951;60;;;9940.5;0.0
3;9200;SNACKPACK_CHOCOLATE;9930;30;9928;50;;;9947;30;9949;50;;;9938.5;0.0
3;9300;SNACKPACK_CHOCOLATE;9928;31;9926;43;;;9945;31;9947;43;;;9936.5;0.0
3;9400;SNACKPACK_CHOCOLATE;9919;34;9917;58;;;9936;34;9938;58;;;9927.5;0.0
3;9500;SNACKPACK_CHOCOLATE;9927;39;9925;52;;;9944;39;9946;52;;;9935.5;0.0
3;9600;SNACKPACK_CHOCOLATE;9927;29;9925;48;;;9944;29;9946;48;;;9935.5;0.0
3;9700;SNACKPACK_CHOCOLATE;9923;27;9921;52;;;9940;27;9942;52;;;9931.5;0.0
3;9800;SNACKPACK_CHOCOLATE;9914;33;9912;54;;;9931;33;9933;54;;;9922.5;0.0
3;9900;SNACKPACK_CHOCOLATE;9924;25;9922;51;;;9941;25;9943;51;;;9932.5;0.0
3;10000;SNACKPACK_CHOCOLATE;9931;34;9929;44;;;9948;34;9950;44;;;9939.5;0.0
3;10100;SNACKPACK_CHOCOLATE;9925;29;9923;47;;;9942;29;9944;47;;;9933.5;0.0
3;10200;SNACKPACK_CHOCOLATE;9921;33;9919;55;;;9937;33;9939;55;;;9929.0;0.0
3;10300;SNACKPACK_CHOCOLATE;9918;26;9916;56;;;9935;26;9937;56;;;9926.5;0.0
3;10400;SNACKPACK_CHOCOLATE;9914;34;9912;41;;;9931;34;9933;41;;;9922.5;0.0
3;10500;SNACKPACK_CHOCOLATE;9912;24;9910;45;;;9929;24;9931;45;;;9920.5;0.0
3;10600;SNACKPACK_CHOCOLATE;9915;36;9913;53;;;9931;36;9933;53;;;9923.0;0.0
3;10700;SNACKPACK_CHOCOLATE;9915;22;9913;54;;;9932;22;9934;54;;;9923.5;0.0
3;10800;SNACKPACK_CHOCOLATE;9913;37;9911;44;;;9930;37;9932;44;;;9921.5;0.0
3;10900;SNACKPACK_CHOCOLATE;9917;36;9915;46;;;9934;36;9936;46;;;9925.5;0.0
3;11000;SNACKPACK_CHOCOLATE;9908;30;9906;40;;;9925;30;9927;40;;;9916.5;0.0
3;11100;SNACKPACK_CHOCOLATE;9912;33;9910;48;;;9928;33;9930;48;;;9920.0;0.0
3;11200;SNACKPACK_CHOCOLATE;9916;27;9914;49;;;9933;27;9935;49;;;9924.5;0.0
3;11300;SNACKPACK_CHOCOLATE;9919;30;9917;56;;;9935;30;9937;56;;;9927.0;0.0
3;11400;SNACKPACK_CHOCOLATE;9920;20;9918;47;;;9937;20;9939;47;;;9928.5;0.0
3;11500;SNACKPACK_CHOCOLATE;9914;21;9912;47;;;9931;21;9933;47;;;9922.5;0.0
3;11600;SNACKPACK_CHOCOLATE;9902;28;9900;60;;;9919;28;9921;60;;;9910.5;0.0
3;11700;SNACKPACK_CHOCOLATE;9902;22;9900;57;;;9919;22;9921;57;;;9910.5;0.0
3;11800;SNACKPACK_CHOCOLATE;9902;33;9900;58;;;9919;33;9920;58;;;9910.5;0.0
3;11900;SNACKPACK_CHOCOLATE;9902;40;9900;44;;;9919;40;9921;44;;;9910.5;0.0
3;12000;SNACKPACK_CHOCOLATE;9913;32;9911;45;;;9930;32;9932;45;;;9921.5;0.0
3;12100;SNACKPACK_CHOCOLATE;9907;36;9905;50;;;9924;36;9926;50;;;9915.5;0.0
3;12200;SNACKPACK_CHOCOLATE;9929;26;9927;47;;;9946;26;9948;47;;;9937.5;0.0
3;12300;SNACKPACK_CHOCOLATE;9919;21;9917;43;;;9936;21;9938;43;;;9927.5;0.0
3;12400;SNACKPACK_CHOCOLATE;9919;31;9917;47;;;9936;31;9938;47;;;9927.5;0.0
3;12500;SNACKPACK_CHOCOLATE;9929;38;9927;52;;;9946;38;9948;52;;;9937.5;0.0
3;12600;SNACKPACK_CHOCOLATE;9931;30;9929;56;;;9948;30;9950;56;;;9939.5;0.0
3;12700;SNACKPACK_CHOCOLATE;9929;32;9927;43;;;9946;32;9948;43;;;9937.5;0.0
3;12800;SNACKPACK_CHOCOLATE;9928;27;9926;43;;;9945;27;9947;43;;;9936.5;0.0
3;12900;SNACKPACK_CHOCOLATE;9929;23;9927;52;;;9946;23;9948;52;;;9937.5;0.0
3;13000;SNACKPACK_CHOCOLATE;9920;20;9918;45;;;9937;20;9939;45;;;9928.5;0.0
3;13100;SNACKPACK_CHOCOLATE;9917;39;9915;56;;;9934;39;9936;56;;;9925.5;0.0
3;13200;SNACKPACK_CHOCOLATE;9936;29;9934;54;;;9953;29;9955;54;;;9944.5;0.0
3;13300;SNACKPACK_CHOCOLATE;9939;38;9937;46;;;9956;38;9958;46;;;9947.5;0.0
3;13400;SNACKPACK_CHOCOLATE;9940;20;9938;40;;;9957;20;9959;40;;;9948.5;0.0
3;13500;SNACKPACK_CHOCOLATE;9947;21;9945;40;;;9964;21;9966;40;;;9955.5;0.0
3;13600;SNACKPACK_CHOCOLATE;9951;29;9949;60;;;9968;29;9970;60;;;9959.5;0.0
3;13700;SNACKPACK_CHOCOLATE;9950;29;9948;51;;;9967;29;9969;51;;;9958.5;0.0
3;13800;SNACKPACK_CHOCOLATE;9940;33;9938;57;;;9957;33;9959;57;;;9948.5;0.0
3;13900;SNACKPACK_CHOCOLATE;9939;40;9937;60;;;9955;40;9957;60;;;9947.0;0.0
3;14000;SNACKPACK_CHOCOLATE;9937;34;9935;49;;;9954;34;9956;49;;;9945.5;0.0
3;14100;SNACKPACK_CHOCOLATE;9941;37;9939;40;;;9958;37;9960;40;;;9949.5;0.0
3;14200;SNACKPACK_CHOCOLATE;9944;26;9942;58;;;9961;26;9963;58;;;9952.5;0.0
3;14300;SNACKPACK_CHOCOLATE;9948;24;9946;53;;;9965;24;9967;53;;;9956.5;0.0
3;14400;SNACKPACK_CHOCOLATE;9945;21;9943;53;;;9962;21;9964;53;;;9953.5;0.0
3;14500;SNACKPACK_CHOCOLATE;9944;40;9942;42;;;9961;40;9963;42;;;9952.5;0.0
3;14600;SNACKPACK_CHOCOLATE;9944;25;9942;56;;;9961;25;9963;56;;;9952.5;0.0
3;14700;SNACKPACK_CHOCOLATE;9945;36;9943;55;;;9962;36;9964;55;;;9953.5;0.0
3;14800;SNACKPACK_CHOCOLATE;9955;35;9953;57;;;9972;35;9974;57;;;9963.5;0.0
3;14900;SNACKPACK_CHOCOLATE;9951;23;9949;48;;;9968;23;9970;48;;;9959.5;0.0
3;15000;SNACKPACK_CHOCOLATE;9958;34;9956;42;;;9975;34;9977;42;;;9966.5;0.0
3;15100;SNACKPACK_CHOCOLATE;9951;29;9949;44;;;9968;29;9970;44;;;9959.5;0.0
3;15200;SNACKPACK_CHOCOLATE;9948;21;9946;52;;;9965;21;9967;52;;;9956.5;0.0
3;15300;SNACKPACK_CHOCOLATE;9945;27;9943;43;;;9962;27;9964;43;;;9953.5;0.0
3;15400;SNACKPACK_CHOCOLATE;9934;40;9932;45;;;9951;40;9953;45;;;9942.5;0.0
3;15500;SNACKPACK_CHOCOLATE;9944;36;9943;59;;;9961;36;9963;59;;;9952.5;0.0
3;15600;SNACKPACK_CHOCOLATE;9941;38;9939;55;;;9958;38;9960;55;;;9949.5;0.0
3;15700;SNACKPACK_CHOCOLATE;9945;38;9943;45;;;9962;38;9964;45;;;9953.5;0.0
3;15800;SNACKPACK_CHOCOLATE;9957;29;9955;45;;;9974;29;9976;45;;;9965.5;0.0
3;15900;SNACKPACK_CHOCOLATE;9958;31;9956;44;;;9975;31;9977;44;;;9966.5;0.0
3;16000;SNACKPACK_CHOCOLATE;9962;33;9960;51;;;9979;33;9981;51;;;9970.5;0.0
3;16100;SNACKPACK_CHOCOLATE;9964;28;9962;49;;;9981;28;9983;49;;;9972.5;0.0
3;16200;SNACKPACK_CHOCOLATE;9959;26;9957;52;;;9976;26;9978;52;;;9967.5;0.0
3;16300;SNACKPACK_CHOCOLATE;9957;25;9955;55;;;9974;25;9976;55;;;9965.5;0.0
3;16400;SNACKPACK_CHOCOLATE;9951;32;9949;40;;;9968;32;9970;40;;;9959.5;0.0
3;16500;SNACKPACK_CHOCOLATE;9957;33;9955;60;;;9974;33;9976;60;;;9965.5;0.0
3;16600;SNACKPACK_CHOCOLATE;9957;30;9955;43;;;9974;30;9976;43;;;9965.5;0.0
3;16700;SNACKPACK_CHOCOLATE;9953;23;9951;52;;;9970;23;9972;52;;;9961.5;0.0
3;16800;SNACKPACK_CHOCOLATE;9945;37;9943;55;;;9962;37;9964;55;;;9953.5;0.0
3;16900;SNACKPACK_CHOCOLATE;9935;27;9933;52;;;9952;27;9954;52;;;9943.5;0.0
3;17000;SNACKPACK_CHOCOLATE;9937;38;9935;47;;;9953;38;9955;47;;;9945.0;0.0
3;17100;SNACKPACK_CHOCOLATE;9944;32;9942;40;;;9961;32;9963;40;;;9952.5;0.0
3;17200;SNACKPACK_CHOCOLATE;9942;24;9940;42;;;9959;24;9961;42;;;9950.5;0.0
3;17300;SNACKPACK_CHOCOLATE;9943;20;9941;58;;;9960;20;9962;58;;;9951.5;0.0
3;17400;SNACKPACK_CHOCOLATE;9940;32;9938;59;;;9957;32;9959;59;;;9948.5;0.0
3;17500;SNACKPACK_CHOCOLATE;9923;33;9921;55;;;9939;33;9941;55;;;9931.0;0.0
3;17600;SNACKPACK_CHOCOLATE;9927;28;9925;51;;;9944;28;9946;51;;;9935.5;0.0
3;17700;SNACKPACK_CHOCOLATE;9931;29;9929;54;;;9947;29;9949;54;;;9939.0;0.0
3;17800;SNACKPACK_CHOCOLATE;9933;32;9931;48;;;9950;32;9952;48;;;9941.5;0.0
3;17900;SNACKPACK_CHOCOLATE;9928;34;9926;60;;;9945;34;9947;60;;;9936.5;0.0
3;18000;SNACKPACK_CHOCOLATE;9934;34;9932;45;;;9951;34;9952;45;;;9942.5;0.0
3;18100;SNACKPACK_CHOCOLATE;9938;20;9936;54;;;9955;20;9957;54;;;9946.5;0.0
3;18200;SNACKPACK_CHOCOLATE;9936;30;9934;49;;;9953;30;9955;49;;;9944.5;0.0
3;18300;SNACKPACK_CHOCOLATE;9936;23;9934;41;;;9953;23;9955;41;;;9944.5;0.0
3;18400;SNACKPACK_CHOCOLATE;9942;38;9940;53;;;9959;38;9961;53;;;9950.5;0.0
3;18500;SNACKPACK_CHOCOLATE;9929;35;9927;54;;;9946;35;9948;54;;;9937.5;0.0
3;18600;SNACKPACK_CHOCOLATE;9935;29;9933;60;;;9952;29;9954;60;;;9943.5;0.0
3;18700;SNACKPACK_CHOCOLATE;9941;20;9939;50;;;9949;2;9958;20;9960;50;9945.0;0.0
3;18800;SNACKPACK_CHOCOLATE;9944;36;9942;59;;;9961;36;9963;59;;;9952.5;0.0
3;18900;SNACKPACK_CHOCOLATE;9953;20;9951;47;;;9970;20;9972;47;;;9961.5;0.0
3;19000;SNACKPACK_CHOCOLATE;9951;21;9949;55;;;9968;21;9970;55;;;9959.5;0.0
3;19100;SNACKPACK_CHOCOLATE;9947;30;9945;57;;;9963;30;9965;57;;;9955.0;0.0
3;19200;SNACKPACK_CHOCOLATE;9955;4;9947;40;9945;40;9964;40;9966;40;;;9959.5;0.0
3;19300;SNACKPACK_CHOCOLATE;9948;37;9946;54;;;9965;37;9967;54;;;9956.5;0.0
3;19400;SNACKPACK_CHOCOLATE;9942;30;9940;42;;;9959;30;9961;42;;;9950.5;0.0
3;19500;SNACKPACK_CHOCOLATE;9955;2;9947;40;9945;56;9964;40;9966;56;;;9959.5;0.0
3;19600;SNACKPACK_CHOCOLATE;9950;34;9948;46;;;9967;34;9969;46;;;9958.5;0.0
3;19700;SNACKPACK_CHOCOLATE;9944;37;9942;51;;;9961;37;9963;51;;;9952.5;0.0
3;19800;SNACKPACK_CHOCOLATE;9941;27;9939;47;;;9958;27;9960;47;;;9949.5;0.0
3;19900;SNACKPACK_CHOCOLATE;9946;27;9944;60;;;9963;27;9965;60;;;9954.5;0.0
3;20000;SNACKPACK_CHOCOLATE;9953;34;9951;44;;;9970;34;9972;44;;;9961.5;0.0
3;20100;SNACKPACK_CHOCOLATE;9950;31;9948;54;;;9967;31;9969;54;;;9958.5;0.0
3;20200;SNACKPACK_CHOCOLATE;9949;39;9947;60;;;9966;39;9968;60;;;9957.5;0.0
3;20300;SNACKPACK_CHOCOLATE;9939;28;9937;51;;;9956;28;9958;51;;;9947.5;0.0
3;20400;SNACKPACK_CHOCOLATE;9944;24;9942;56;;;9961;24;9963;56;;;9952.5;0.0
3;20500;SNACKPACK_CHOCOLATE;9945;20;9943;54;;;9962;20;9964;54;;;9953.5;0.0
3;20600;SNACKPACK_CHOCOLATE;9948;20;9946;40;;;9965;20;9967;40;;;9956.5;0.0
3;20700;SNACKPACK_CHOCOLATE;9942;32;9940;58;;;9959;32;9961;58;;;9950.5;0.0
3;20800;SNACKPACK_CHOCOLATE;9942;39;9940;40;;;9958;39;9960;40;;;9950.0;0.0
3;20900;SNACKPACK_CHOCOLATE;9951;26;9949;60;;;9968;26;9970;60;;;9959.5;0.0
3;21000;SNACKPACK_CHOCOLATE;9958;40;9956;47;;;9975;40;9977;47;;;9966.5;0.0
3;21100;SNACKPACK_CHOCOLATE;9966;39;9964;59;;;9983;39;9985;59;;;9974.5;0.0
3;21200;SNACKPACK_CHOCOLATE;9975;35;9973;57;;;9992;35;9994;57;;;9983.5;0.0
3;21300;SNACKPACK_CHOCOLATE;9981;29;9979;43;;;9998;29;10000;43;;;9989.5;0.0
3;21400;SNACKPACK_CHOCOLATE;9978;29;9976;49;;;9995;29;9997;49;;;9986.5;0.0
3;21500;SNACKPACK_CHOCOLATE;9984;28;9982;47;;;10001;28;10003;47;;;9992.5;0.0
3;21600;SNACKPACK_CHOCOLATE;9979;24;9977;46;;;9996;24;9998;46;;;9987.5;0.0
3;21700;SNACKPACK_CHOCOLATE;9985;34;9983;41;;;10002;34;10004;41;;;9993.5;0.0
3;21800;SNACKPACK_CHOCOLATE;9984;34;9982;59;;;10001;34;10003;59;;;9992.5;0.0
3;21900;SNACKPACK_CHOCOLATE;9982;33;9980;58;;;9999;33;10001;58;;;9990.5;0.0
3;22000;SNACKPACK_CHOCOLATE;9985;25;9983;50;;;10002;25;10004;50;;;9993.5;0.0
3;22100;SNACKPACK_CHOCOLATE;9975;22;9973;47;;;9992;22;9994;47;;;9983.5;0.0
3;22200;SNACKPACK_CHOCOLATE;9980;29;9978;40;;;9997;29;9999;40;;;9988.5;0.0
3;22300;SNACKPACK_CHOCOLATE;9992;4;9984;30;9982;50;10001;30;10003;50;;;9996.5;0.0
3;22400;SNACKPACK_CHOCOLATE;9985;20;9983;51;;;10002;20;10004;51;;;9993.5;0.0
3;22500;SNACKPACK_CHOCOLATE;10001;6;9993;34;9991;50;10010;34;10012;50;;;10005.5;0.0
3;22600;SNACKPACK_CHOCOLATE;10003;37;10001;40;;;10020;37;10022;40;;;10011.5;0.0
3;22700;SNACKPACK_CHOCOLATE;10007;28;10005;43;;;10024;28;10026;43;;;10015.5;0.0
3;22800;SNACKPACK_CHOCOLATE;9997;27;9995;42;;;10014;27;10016;42;;;10005.5;0.0
3;22900;SNACKPACK_CHOCOLATE;10005;34;10003;58;;;10022;34;10024;58;;;10013.5;0.0
3;23000;SNACKPACK_CHOCOLATE;10006;26;10004;47;;;10023;26;10025;47;;;10014.5;0.0
3;23100;SNACKPACK_CHOCOLATE;10002;33;10000;57;;;10019;33;10021;57;;;10010.5;0.0
3;23200;SNACKPACK_CHOCOLATE;10002;31;10000;55;;;10019;31;10021;55;;;10010.5;0.0
3;23300;SNACKPACK_CHOCOLATE;10008;24;10006;54;;;10025;24;10027;54;;;10016.5;0.0
3;23400;SNACKPACK_CHOCOLATE;10007;24;10005;40;;;10024;24;10026;40;;;10015.5;0.0
3;23500;SNACKPACK_CHOCOLATE;9997;30;9995;45;;;10014;30;10016;45;;;10005.5;0.0
3;23600;SNACKPACK_CHOCOLATE;9990;28;9988;47;;;10007;28;10009;47;;;9998.5;0.0
3;23700;SNACKPACK_CHOCOLATE;9992;32;9990;58;;;10009;32;10011;58;;;10000.5;0.0
3;23800;SNACKPACK_CHOCOLATE;10002;34;10000;47;;;10019;34;10021;47;;;10010.5;0.0
3;23900;SNACKPACK_CHOCOLATE;10004;21;10002;58;;;10012;2;10021;21;10023;58;10008.0;0.0
3;24000;SNACKPACK_CHOCOLATE;10009;27;10007;57;;;10026;27;10028;57;;;10017.5;0.0
3;24100;SNACKPACK_CHOCOLATE;10008;22;10006;55;;;10025;22;10027;55;;;10016.5;0.0
3;24200;SNACKPACK_CHOCOLATE;10009;35;10007;46;;;10026;35;10028;46;;;10017.5;0.0
3;24300;SNACKPACK_CHOCOLATE;10018;30;10016;52;;;10035;30;10037;52;;;10026.5;0.0
3;24400;SNACKPACK_CHOCOLATE;10023;37;10021;47;;;10040;37;10042;47;;;10031.5;0.0
3;24500;SNACKPACK_CHOCOLATE;10023;36;10021;52;;;10031;5;10040;36;10042;52;10027.0;0.0
3;24600;SNACKPACK_CHOCOLATE;10019;32;10017;51;;;10036;32;10038;51;;;10027.5;0.0
3;24700;SNACKPACK_CHOCOLATE;10013;30;10011;56;;;10030;30;10032;56;;;10021.5;0.0
3;24800;SNACKPACK_CHOCOLATE;10013;30;10011;54;;;10030;30;10032;54;;;10021.5;0.0
3;24900;SNACKPACK_CHOCOLATE;10020;22;10018;54;;;10037;22;10039;54;;;10028.5;0.0
3;25000;SNACKPACK_CHOCOLATE;10022;24;10020;47;;;10040;24;10042;47;;;10031.0;0.0
3;25100;SNACKPACK_CHOCOLATE;10015;34;10013;42;;;10032;34;10034;42;;;10023.5;0.0
3;25200;SNACKPACK_CHOCOLATE;10030;24;10028;58;;;10047;24;10049;58;;;10038.5;0.0
3;25300;SNACKPACK_CHOCOLATE;10029;38;10027;57;;;10046;38;10048;57;;;10037.5;0.0
3;25400;SNACKPACK_CHOCOLATE;10030;36;10028;43;;;10048;36;10050;43;;;10039.0;0.0
3;25500;SNACKPACK_CHOCOLATE;10032;31;10030;41;;;10049;31;10051;41;;;10040.5;0.0
3;25600;SNACKPACK_CHOCOLATE;10028;40;10026;54;;;10036;3;10045;40;10047;54;10032.0;0.0
3;25700;SNACKPACK_CHOCOLATE;10017;38;10015;57;;;10034;38;10036;57;;;10025.5;0.0
3;25800;SNACKPACK_CHOCOLATE;10004;39;10002;58;;;10021;39;10023;58;;;10012.5;0.0
3;25900;SNACKPACK_CHOCOLATE;9997;26;9995;57;;;10014;26;10016;57;;;10005.5;0.0
3;26000;SNACKPACK_CHOCOLATE;9998;37;9996;51;;;10015;37;10017;51;;;10006.5;0.0
3;26100;SNACKPACK_CHOCOLATE;9997;24;9995;43;;;10014;24;10016;43;;;10005.5;0.0
3;26200;SNACKPACK_CHOCOLATE;10004;39;10002;57;;;10021;39;10023;57;;;10012.5;0.0
3;26300;SNACKPACK_CHOCOLATE;10003;26;10001;44;;;10020;26;10022;44;;;10011.5;0.0
3;26400;SNACKPACK_CHOCOLATE;10005;32;10003;52;;;10022;32;10024;52;;;10013.5;0.0
3;26500;SNACKPACK_CHOCOLATE;10013;20;10011;59;;;10030;20;10032;59;;;10021.5;0.0
3;26600;SNACKPACK_CHOCOLATE;10010;40;10008;57;;;10027;40;10029;57;;;10018.5;0.0
3;26700;SNACKPACK_CHOCOLATE;10003;33;10001;57;;;10020;33;10022;57;;;10011.5;0.0
3;26800;SNACKPACK_CHOCOLATE;10004;24;10002;48;;;10021;24;10023;48;;;10012.5;0.0
3;26900;SNACKPACK_CHOCOLATE;10009;39;10007;41;;;10026;39;10028;41;;;10017.5;0.0
3;27000;SNACKPACK_CHOCOLATE;10011;21;10009;54;;;10028;21;10030;54;;;10019.5;0.0
3;27100;SNACKPACK_CHOCOLATE;10010;27;10008;42;;;10027;27;10029;42;;;10018.5;0.0
3;27200;SNACKPACK_CHOCOLATE;10006;38;10004;40;;;10023;38;10025;40;;;10014.5;0.0
3;27300;SNACKPACK_CHOCOLATE;10009;26;10007;47;;;10026;26;10028;47;;;10017.5;0.0
3;27400;SNACKPACK_CHOCOLATE;10007;36;10005;52;;;10024;36;10026;52;;;10015.5;0.0
3;27500;SNACKPACK_CHOCOLATE;10004;35;10002;48;;;10021;35;10023;48;;;10012.5;0.0
3;27600;SNACKPACK_CHOCOLATE;9998;39;9996;45;;;10015;39;10017;45;;;10006.5;0.0
3;27700;SNACKPACK_CHOCOLATE;10005;28;10003;46;;;10022;28;10024;46;;;10013.5;0.0
3;27800;SNACKPACK_CHOCOLATE;10001;35;9999;51;;;10018;35;10020;51;;;10009.5;0.0
3;27900;SNACKPACK_CHOCOLATE;10006;26;10004;46;;;10023;26;10025;46;;;10014.5;0.0
3;28000;SNACKPACK_CHOCOLATE;10001;32;9999;44;;;10018;32;10020;44;;;10009.5;0.0
3;28100;SNACKPACK_CHOCOLATE;10004;38;10002;55;;;10021;38;10023;55;;;10012.5;0.0
3;28200;SNACKPACK_CHOCOLATE;9999;36;9997;51;;;10016;36;10018;51;;;10007.5;0.0
3;28300;SNACKPACK_CHOCOLATE;10006;23;10004;54;;;10023;23;10025;54;;;10014.5;0.0
3;28400;SNACKPACK_CHOCOLATE;10019;3;10011;40;10009;40;10028;40;10030;40;;;10023.5;0.0
3;28500;SNACKPACK_CHOCOLATE;10014;28;10012;40;;;10031;28;10033;40;;;10022.5;0.0
3;28600;SNACKPACK_CHOCOLATE;10021;38;10019;48;;;10038;38;10040;48;;;10029.5;0.0
3;28700;SNACKPACK_CHOCOLATE;10018;22;10016;40;;;10035;22;10037;40;;;10026.5;0.0
3;28800;SNACKPACK_CHOCOLATE;10022;35;10020;57;;;10039;35;10041;57;;;10030.5;0.0
3;28900;SNACKPACK_CHOCOLATE;10021;27;10019;44;;;10038;27;10040;44;;;10029.5;0.0
3;29000;SNACKPACK_CHOCOLATE;10018;20;10016;50;;;10035;20;10037;50;;;10026.5;0.0
3;29100;SNACKPACK_CHOCOLATE;10018;23;10016;54;;;10035;23;10037;54;;;10026.5;0.0
3;29200;SNACKPACK_CHOCOLATE;10020;24;10018;52;;;10037;24;10039;52;;;10028.5;0.0
3;29300;SNACKPACK_CHOCOLATE;10023;38;10021;50;;;10040;38;10042;50;;;10031.5;0.0
3;29400;SNACKPACK_CHOCOLATE;10036;30;10034;51;;;10053;30;10055;51;;;10044.5;0.0
3;29500;SNACKPACK_CHOCOLATE;10035;30;10033;43;;;10052;30;10054;43;;;10043.5;0.0
3;29600;SNACKPACK_CHOCOLATE;10043;24;10041;42;;;10060;24;10062;42;;;10051.5;0.0
3;29700;SNACKPACK_CHOCOLATE;10044;33;10042;40;;;10062;33;10064;40;;;10053.0;0.0
3;29800;SNACKPACK_CHOCOLATE;10047;21;10045;53;;;10064;21;10066;53;;;10055.5;0.0
3;29900;SNACKPACK_CHOCOLATE;10051;27;10049;48;;;10068;27;10070;48;;;10059.5;0.0
3;30000;SNACKPACK_CHOCOLATE;10058;39;10056;46;;;10075;39;10077;46;;;10066.5;0.0
3;30100;SNACKPACK_CHOCOLATE;10053;25;10051;51;;;10071;25;10073;51;;;10062.0;0.0
3;30200;SNACKPACK_CHOCOLATE;10057;20;10055;59;;;10074;20;10076;59;;;10065.5;0.0
3;30300;SNACKPACK_CHOCOLATE;10062;38;10060;60;;;10079;38;10081;60;;;10070.5;0.0
3;30400;SNACKPACK_CHOCOLATE;10068;27;10066;49;;;10085;27;10087;49;;;10076.5;0.0
3;30500;SNACKPACK_CHOCOLATE;10062;26;10060;42;;;10079;26;10081;42;;;10070.5;0.0
3;30600;SNACKPACK_CHOCOLATE;10068;30;10066;45;;;10085;30;10087;45;;;10076.5;0.0
3;30700;SNACKPACK_CHOCOLATE;10075;20;10073;49;;;10092;20;10094;49;;;10083.5;0.0
3;30800;SNACKPACK_CHOCOLATE;10086;35;10084;57;;;10103;35;10105;57;;;10094.5;0.0
3;30900;SNACKPACK_CHOCOLATE;10084;23;10082;46;;;10101;23;10103;46;;;10092.5;0.0
3;31000;SNACKPACK_CHOCOLATE;10086;33;10084;53;;;10103;33;10105;53;;;10094.5;0.0
3;31100;SNACKPACK_CHOCOLATE;10077;24;10075;60;;;10095;24;10097;60;;;10086.0;0.0
3;31200;SNACKPACK_CHOCOLATE;10075;25;10073;49;;;10092;25;10094;49;;;10083.5;0.0
3;31300;SNACKPACK_CHOCOLATE;10079;24;10077;48;;;10087;3;10096;24;10098;48;10083.0;0.0
3;31400;SNACKPACK_CHOCOLATE;10083;21;10081;42;;;10100;21;10102;42;;;10091.5;0.0
3;31500;SNACKPACK_CHOCOLATE;10079;33;10077;53;;;10096;33;10099;53;;;10087.5;0.0
3;31600;SNACKPACK_CHOCOLATE;10081;33;10079;56;;;10098;33;10100;56;;;10089.5;0.0
3;31700;SNACKPACK_CHOCOLATE;10073;36;10071;50;;;10090;36;10092;50;;;10081.5;0.0
3;31800;SNACKPACK_CHOCOLATE;10069;37;10067;50;;;10086;37;10088;50;;;10077.5;0.0
3;31900;SNACKPACK_CHOCOLATE;10055;33;10053;46;;;10072;33;10074;46;;;10063.5;0.0
3;32000;SNACKPACK_CHOCOLATE;10058;39;10056;59;;;10075;39;10077;59;;;10066.5;0.0
3;32100;SNACKPACK_CHOCOLATE;10064;38;10062;47;;;10081;38;10083;47;;;10072.5;0.0
3;32200;SNACKPACK_CHOCOLATE;10071;23;10069;59;;;10088;23;10090;59;;;10079.5;0.0
3;32300;SNACKPACK_CHOCOLATE;10073;37;10071;60;;;10090;37;10092;60;;;10081.5;0.0
3;32400;SNACKPACK_CHOCOLATE;10073;22;10071;54;;;10091;22;10093;54;;;10082.0;0.0
3;32500;SNACKPACK_CHOCOLATE;10082;29;10080;52;;;10099;29;10101;52;;;10090.5;0.0
3;32600;SNACKPACK_CHOCOLATE;10082;38;10079;53;;;10099;38;10101;53;;;10090.5;0.0
3;32700;SNACKPACK_CHOCOLATE;10086;27;10083;49;;;10103;27;10105;49;;;10094.5;0.0
3;32800;SNACKPACK_CHOCOLATE;10090;36;10088;57;;;10107;36;10109;57;;;10098.5;0.0
3;32900;SNACKPACK_CHOCOLATE;10082;38;10080;45;;;10100;38;10102;45;;;10091.0;0.0
3;33000;SNACKPACK_CHOCOLATE;10091;39;10089;44;;;10108;39;10110;44;;;10099.5;0.0
3;33100;SNACKPACK_CHOCOLATE;10082;30;10080;60;;;10099;30;10101;60;;;10090.5;0.0
3;33200;SNACKPACK_CHOCOLATE;10088;35;10086;58;;;10105;35;10107;58;;;10096.5;0.0
3;33300;SNACKPACK_CHOCOLATE;10078;32;10076;40;;;10095;32;10097;40;;;10086.5;0.0
3;33400;SNACKPACK_CHOCOLATE;10065;22;10063;45;;;10082;22;10084;45;;;10073.5;0.0
3;33500;SNACKPACK_CHOCOLATE;10056;32;10054;48;;;10073;32;10075;48;;;10064.5;0.0
3;33600;SNACKPACK_CHOCOLATE;10068;20;10066;48;;;10085;20;10087;48;;;10076.5;0.0
3;33700;SNACKPACK_CHOCOLATE;10079;23;10077;52;;;10096;23;10098;52;;;10087.5;0.0
3;33800;SNACKPACK_CHOCOLATE;10083;32;10081;58;;;10100;32;10102;58;;;10091.5;0.0
3;33900;SNACKPACK_CHOCOLATE;10086;30;10084;40;;;10094;3;10103;30;10105;40;10090.0;0.0
3;34000;SNACKPACK_CHOCOLATE;10091;33;10089;47;;;10108;33;10110;47;;;10099.5;0.0
3;34100;SNACKPACK_CHOCOLATE;10087;40;10085;43;;;10104;40;10106;43;;;10095.5;0.0
3;34200;SNACKPACK_CHOCOLATE;10100;6;10092;25;10090;57;10109;25;10111;57;;;10104.5;0.0
3;34300;SNACKPACK_CHOCOLATE;10088;24;10086;50;;;10105;24;10107;50;;;10096.5;0.0
3;34400;SNACKPACK_CHOCOLATE;10093;27;10091;47;;;10110;27;10112;47;;;10101.5;0.0
3;34500;SNACKPACK_CHOCOLATE;10092;40;10090;59;;;10110;40;10112;59;;;10101.0;0.0
3;34600;SNACKPACK_CHOCOLATE;10094;21;10092;60;;;10112;21;10114;60;;;10103.0;0.0
3;34700;SNACKPACK_CHOCOLATE;10087;20;10085;54;;;10104;20;10106;54;;;10095.5;0.0
3;34800;SNACKPACK_CHOCOLATE;10087;20;10085;43;;;10105;20;10107;43;;;10096.0;0.0
3;34900;SNACKPACK_CHOCOLATE;10094;20;10092;60;;;10111;20;10113;60;;;10102.5;0.0
3;35000;SNACKPACK_CHOCOLATE;10105;39;10103;58;;;10122;39;10124;58;;;10113.5;0.0
3;35100;SNACKPACK_CHOCOLATE;10107;22;10105;41;;;10115;2;10124;22;10126;41;10111.0;0.0
3;35200;SNACKPACK_CHOCOLATE;10106;36;10104;48;;;10123;36;10125;48;;;10114.5;0.0
3;35300;SNACKPACK_CHOCOLATE;10108;32;10106;59;;;10126;32;10128;59;;;10117.0;0.0
3;35400;SNACKPACK_CHOCOLATE;10112;30;10110;58;;;10129;30;10131;58;;;10120.5;0.0
3;35500;SNACKPACK_CHOCOLATE;10112;21;10110;40;;;10120;5;10129;21;10131;40;10116.0;0.0
3;35600;SNACKPACK_CHOCOLATE;10110;24;10108;45;;;10128;24;10130;45;;;10119.0;0.0
3;35700;SNACKPACK_CHOCOLATE;10111;32;10109;55;;;10128;32;10130;55;;;10119.5;0.0
3;35800;SNACKPACK_CHOCOLATE;10119;28;10117;52;;;10136;28;10138;52;;;10127.5;0.0
3;35900;SNACKPACK_CHOCOLATE;10125;39;10123;44;;;10142;39;10144;44;;;10133.5;0.0
3;36000;SNACKPACK_CHOCOLATE;10132;21;10130;40;;;10150;21;10152;40;;;10141.0;0.0
3;36100;SNACKPACK_CHOCOLATE;10122;40;10120;47;;;10139;40;10142;47;;;10130.5;0.0
3;36200;SNACKPACK_CHOCOLATE;10122;29;10120;45;;;10140;29;10142;45;;;10131.0;0.0
3;36300;SNACKPACK_CHOCOLATE;10126;30;10124;49;;;10143;30;10145;49;;;10134.5;0.0
3;36400;SNACKPACK_CHOCOLATE;10140;34;10138;46;;;10157;34;10159;46;;;10148.5;0.0
3;36500;SNACKPACK_CHOCOLATE;10131;39;10129;56;;;10149;39;10151;56;;;10140.0;0.0
3;36600;SNACKPACK_CHOCOLATE;10132;24;10130;48;;;10149;24;10151;48;;;10140.5;0.0
3;36700;SNACKPACK_CHOCOLATE;10126;33;10124;56;;;10143;33;10145;56;;;10134.5;0.0
3;36800;SNACKPACK_CHOCOLATE;10125;32;10123;46;;;10142;32;10144;46;;;10133.5;0.0
3;36900;SNACKPACK_CHOCOLATE;10129;27;10127;48;;;10146;27;10148;48;;;10137.5;0.0
3;37000;SNACKPACK_CHOCOLATE;10129;39;10127;47;;;10147;39;10149;47;;;10138.0;0.0
3;37100;SNACKPACK_CHOCOLATE;10134;22;10132;47;;;10142;3;10151;22;10153;47;10138.0;0.0
3;37200;SNACKPACK_CHOCOLATE;10127;33;10125;51;;;10145;33;10147;51;;;10136.0;0.0
3;37300;SNACKPACK_CHOCOLATE;10123;26;10121;59;;;10140;26;10143;59;;;10131.5;0.0
3;37400;SNACKPACK_CHOCOLATE;10130;27;10128;55;;;10148;27;10150;55;;;10139.0;0.0
3;37500;SNACKPACK_CHOCOLATE;10133;39;10131;52;;;10150;39;10152;52;;;10141.5;0.0
3;37600;SNACKPACK_CHOCOLATE;10137;30;10135;47;;;10154;30;10156;47;;;10145.5;0.0
3;37700;SNACKPACK_CHOCOLATE;10131;32;10129;51;;;10148;32;10150;51;;;10139.5;0.0
3;37800;SNACKPACK_CHOCOLATE;10129;21;10127;51;;;10146;21;10149;51;;;10137.5;0.0
3;37900;SNACKPACK_CHOCOLATE;10131;21;10129;50;;;10148;21;10150;50;;;10139.5;0.0
3;38000;SNACKPACK_CHOCOLATE;10128;29;10126;58;;;10146;29;10148;58;;;10137.0;0.0
3;38100;SNACKPACK_CHOCOLATE;10122;31;10120;52;;;10139;31;10141;52;;;10130.5;0.0
3;38200;SNACKPACK_CHOCOLATE;10116;23;10114;52;;;10134;23;10136;52;;;10125.0;0.0
3;38300;SNACKPACK_CHOCOLATE;10107;34;10105;59;;;10124;34;10126;59;;;10115.5;0.0
3;38400;SNACKPACK_CHOCOLATE;10105;26;10103;52;;;10113;4;10122;26;10124;52;10109.0;0.0
3;38500;SNACKPACK_CHOCOLATE;10098;38;10096;46;;;10115;38;10117;46;;;10106.5;0.0
3;38600;SNACKPACK_CHOCOLATE;10098;23;10096;40;;;10106;5;10115;23;10118;40;10102.0;0.0
3;38700;SNACKPACK_CHOCOLATE;10104;28;10102;52;;;10121;28;10123;52;;;10112.5;0.0
3;38800;SNACKPACK_CHOCOLATE;10101;30;10099;59;;;10118;30;10120;59;;;10109.5;0.0
3;38900;SNACKPACK_CHOCOLATE;10098;31;10096;59;;;10115;31;10117;59;;;10106.5;0.0
3;39000;SNACKPACK_CHOCOLATE;10099;27;10097;59;;;10116;27;10118;59;;;10107.5;0.0
3;39100;SNACKPACK_CHOCOLATE;10098;30;10096;59;;;10115;30;10117;59;;;10106.5;0.0
3;39200;SNACKPACK_CHOCOLATE;10096;36;10094;59;;;10113;36;10115;59;;;10104.5;0.0
3;39300;SNACKPACK_CHOCOLATE;10089;40;10087;47;;;10106;40;10108;47;;;10097.5;0.0
3;39400;SNACKPACK_CHOCOLATE;10099;36;10097;54;;;10116;36;10118;54;;;10107.5;0.0
3;39500;SNACKPACK_CHOCOLATE;10100;27;10098;40;;;10117;27;10119;40;;;10108.5;0.0
3;39600;SNACKPACK_CHOCOLATE;10102;24;10100;53;;;10119;24;10121;53;;;10110.5;0.0
3;39700;SNACKPACK_CHOCOLATE;10099;28;10097;59;;;10116;28;10118;59;;;10107.5;0.0
3;39800;SNACKPACK_CHOCOLATE;10101;31;10099;54;;;10118;31;10120;54;;;10109.5;0.0
3;39900;SNACKPACK_CHOCOLATE;10094;26;10092;41;;;10111;26;10113;41;;;10102.5;0.0
3;40000;SNACKPACK_CHOCOLATE;10092;32;10090;60;;;10110;32;10112;60;;;10101.0;0.0
3;40100;SNACKPACK_CHOCOLATE;10093;25;10091;51;;;10110;25;10112;51;;;10101.5;0.0
3;40200;SNACKPACK_CHOCOLATE;10087;36;10085;59;;;10105;36;10107;59;;;10096.0;0.0
3;40300;SNACKPACK_CHOCOLATE;10091;38;10089;52;;;10108;38;10110;52;;;10099.5;0.0
3;40400;SNACKPACK_CHOCOLATE;10085;37;10083;60;;;10103;37;10105;60;;;10094.0;0.0
3;40500;SNACKPACK_CHOCOLATE;10088;32;10086;44;;;10105;32;10107;44;;;10096.5;0.0
3;40600;SNACKPACK_CHOCOLATE;10086;36;10084;46;;;10103;36;10105;46;;;10094.5;0.0
3;40700;SNACKPACK_CHOCOLATE;10084;27;10082;60;;;10101;27;10103;60;;;10092.5;0.0
3;40800;SNACKPACK_CHOCOLATE;10084;37;10082;49;;;10101;37;10103;49;;;10092.5;0.0
3;40900;SNACKPACK_CHOCOLATE;10084;34;10082;48;;;10101;34;10103;48;;;10092.5;0.0
3;41000;SNACKPACK_CHOCOLATE;10069;36;10067;52;;;10086;36;10089;52;;;10077.5;0.0
3;41100;SNACKPACK_CHOCOLATE;10074;37;10072;50;;;10091;37;10093;50;;;10082.5;0.0
3;41200;SNACKPACK_CHOCOLATE;10076;20;10074;47;;;10093;20;10095;47;;;10084.5;0.0
3;41300;SNACKPACK_CHOCOLATE;10070;24;10068;48;;;10088;24;10090;48;;;10079.0;0.0
3;41400;SNACKPACK_CHOCOLATE;10083;33;10081;46;;;10100;33;10102;46;;;10091.5;0.0
3;41500;SNACKPACK_CHOCOLATE;10084;31;10082;44;;;10101;31;10103;44;;;10092.5;0.0
3;41600;SNACKPACK_CHOCOLATE;10083;23;10081;52;;;10100;23;10102;52;;;10091.5;0.0
3;41700;SNACKPACK_CHOCOLATE;10100;27;10098;59;;;10117;27;10119;59;;;10108.5;0.0
3;41800;SNACKPACK_CHOCOLATE;10101;35;10099;51;;;10118;35;10120;51;;;10109.5;0.0
3;41900;SNACKPACK_CHOCOLATE;10100;39;10098;45;;;10117;39;10119;45;;;10108.5;0.0
3;42000;SNACKPACK_CHOCOLATE;10085;36;10083;58;;;10103;36;10105;58;;;10094.0;0.0
3;42100;SNACKPACK_CHOCOLATE;10082;40;10080;45;;;10100;40;10102;45;;;10091.0;0.0
3;42200;SNACKPACK_CHOCOLATE;10081;25;10079;43;;;10099;25;10101;43;;;10090.0;0.0
3;42300;SNACKPACK_CHOCOLATE;10073;33;10071;60;;;10090;33;10092;60;;;10081.5;0.0
3;42400;SNACKPACK_CHOCOLATE;10075;29;10073;56;;;10092;29;10094;56;;;10083.5;0.0
3;42500;SNACKPACK_CHOCOLATE;10075;20;10073;51;;;10092;20;10094;51;;;10083.5;0.0
3;42600;SNACKPACK_CHOCOLATE;10064;25;10062;53;;;10081;25;10083;53;;;10072.5;0.0
3;42700;SNACKPACK_CHOCOLATE;10060;32;10058;54;;;10078;32;10080;54;;;10069.0;0.0
3;42800;SNACKPACK_CHOCOLATE;10059;39;10057;60;;;10077;39;10079;60;;;10068.0;0.0
3;42900;SNACKPACK_CHOCOLATE;10058;30;10056;56;;;10075;30;10077;56;;;10066.5;0.0
3;43000;SNACKPACK_CHOCOLATE;10053;34;10051;44;;;10070;34;10072;44;;;10061.5;0.0
3;43100;SNACKPACK_CHOCOLATE;10059;24;10057;60;;;10076;24;10078;60;;;10067.5;0.0
3;43200;SNACKPACK_CHOCOLATE;10057;28;10055;42;;;10074;28;10076;42;;;10065.5;0.0
3;43300;SNACKPACK_CHOCOLATE;10051;20;10049;51;;;10068;20;10070;51;;;10059.5;0.0
3;43400;SNACKPACK_CHOCOLATE;10064;20;10062;41;;;10081;20;10083;41;;;10072.5;0.0
3;43500;SNACKPACK_CHOCOLATE;10067;29;10065;56;;;10084;29;10086;56;;;10075.5;0.0
3;43600;SNACKPACK_CHOCOLATE;10064;37;10062;60;;;10081;37;10083;60;;;10072.5;0.0
3;43700;SNACKPACK_CHOCOLATE;10055;34;10053;44;;;10072;34;10074;44;;;10063.5;0.0
3;43800;SNACKPACK_CHOCOLATE;10060;30;10058;50;;;10077;30;10079;50;;;10068.5;0.0
3;43900;SNACKPACK_CHOCOLATE;10056;28;10054;40;;;10074;28;10076;40;;;10065.0;0.0
3;44000;SNACKPACK_CHOCOLATE;10052;25;10050;44;;;10069;25;10071;44;;;10060.5;0.0
3;44100;SNACKPACK_CHOCOLATE;10041;32;10039;57;;;10058;32;10060;57;;;10049.5;0.0
3;44200;SNACKPACK_CHOCOLATE;10039;24;10037;44;;;10056;24;10058;44;;;10047.5;0.0
3;44300;SNACKPACK_CHOCOLATE;10049;28;10047;47;;;10066;28;10068;47;;;10057.5;0.0
3;44400;SNACKPACK_CHOCOLATE;10041;33;10039;51;;;10058;33;10060;51;;;10049.5;0.0
3;44500;SNACKPACK_CHOCOLATE;10035;25;10033;59;;;10052;25;10055;59;;;10043.5;0.0
3;44600;SNACKPACK_CHOCOLATE;10029;33;10027;52;;;10046;33;10048;52;;;10037.5;0.0
3;44700;SNACKPACK_CHOCOLATE;10031;34;10029;41;;;10048;34;10050;41;;;10039.5;0.0
3;44800;SNACKPACK_CHOCOLATE;10040;29;10038;60;;;10057;29;10059;60;;;10048.5;0.0
3;44900;SNACKPACK_CHOCOLATE;10033;36;10031;59;;;10050;36;10052;59;;;10041.5;0.0
3;45000;SNACKPACK_CHOCOLATE;10036;23;10034;56;;;10053;23;10055;56;;;10044.5;0.0
3;45100;SNACKPACK_CHOCOLATE;10035;32;10033;53;;;10052;32;10054;53;;;10043.5;0.0
3;45200;SNACKPACK_CHOCOLATE;10025;20;10023;58;;;10042;20;10044;58;;;10033.5;0.0
3;45300;SNACKPACK_CHOCOLATE;10031;23;10029;42;;;10048;23;10050;42;;;10039.5;0.0
3;45400;SNACKPACK_CHOCOLATE;10036;27;10034;41;;;10053;27;10055;41;;;10044.5;0.0
3;45500;SNACKPACK_CHOCOLATE;10035;31;10033;48;;;10052;31;10054;48;;;10043.5;0.0
3;45600;SNACKPACK_CHOCOLATE;10039;33;10037;56;;;10056;33;10058;56;;;10047.5;0.0
3;45700;SNACKPACK_CHOCOLATE;10035;28;10033;42;;;10052;28;10054;42;;;10043.5;0.0
3;45800;SNACKPACK_CHOCOLATE;10041;32;10039;42;;;10058;32;10060;42;;;10049.5;0.0
3;45900;SNACKPACK_CHOCOLATE;10036;31;10034;51;;;10053;31;10055;51;;;10044.5;0.0
3;46000;SNACKPACK_CHOCOLATE;10030;29;10028;51;;;10047;29;10049;51;;;10038.5;0.0
3;46100;SNACKPACK_CHOCOLATE;10024;33;10022;49;;;10041;33;10043;49;;;10032.5;0.0
3;46200;SNACKPACK_CHOCOLATE;10023;35;10021;40;;;10040;35;10042;40;;;10031.5;0.0
3;46300;SNACKPACK_CHOCOLATE;10030;29;10028;40;;;10047;29;10049;40;;;10038.5;0.0
3;46400;SNACKPACK_CHOCOLATE;10015;35;10013;53;;;10032;35;10034;53;;;10023.5;0.0
3;46500;SNACKPACK_CHOCOLATE;10004;37;10002;60;;;10021;37;10023;60;;;10012.5;0.0
3;46600;SNACKPACK_CHOCOLATE;10016;21;10014;53;;;10033;21;10035;53;;;10024.5;0.0
3;46700;SNACKPACK_CHOCOLATE;10018;27;10016;47;;;10035;27;10037;47;;;10026.5;0.0
3;46800;SNACKPACK_CHOCOLATE;10028;24;10026;51;;;10045;24;10047;51;;;10036.5;0.0
3;46900;SNACKPACK_CHOCOLATE;10029;23;10027;45;;;10046;23;10048;45;;;10037.5;0.0
3;47000;SNACKPACK_CHOCOLATE;10034;22;10032;40;;;10051;22;10053;40;;;10042.5;0.0
3;47100;SNACKPACK_CHOCOLATE;10024;34;10022;59;;;10041;34;10043;59;;;10032.5;0.0
3;47200;SNACKPACK_CHOCOLATE;10032;34;10030;49;;;10049;34;10051;49;;;10040.5;0.0
3;47300;SNACKPACK_CHOCOLATE;10028;31;10026;59;;;10045;31;10047;59;;;10036.5;0.0
3;47400;SNACKPACK_CHOCOLATE;10029;36;10027;60;;;10046;36;10048;60;;;10037.5;0.0
3;47500;SNACKPACK_CHOCOLATE;10036;21;10034;52;;;10053;21;10055;52;;;10044.5;0.0
3;47600;SNACKPACK_CHOCOLATE;10032;38;10030;51;;;10049;38;10052;51;;;10040.5;0.0
3;47700;SNACKPACK_CHOCOLATE;10042;26;10040;59;;;10059;26;10061;59;;;10050.5;0.0
3;47800;SNACKPACK_CHOCOLATE;10029;22;10027;55;;;10046;22;10048;55;;;10037.5;0.0
3;47900;SNACKPACK_CHOCOLATE;10028;26;10026;47;;;10045;26;10047;47;;;10036.5;0.0
3;48000;SNACKPACK_CHOCOLATE;10029;38;10027;59;;;10046;38;10049;59;;;10037.5;0.0
3;48100;SNACKPACK_CHOCOLATE;10042;23;10040;57;;;10059;23;10061;57;;;10050.5;0.0
3;48200;SNACKPACK_CHOCOLATE;10028;32;10026;50;;;10045;32;10047;50;;;10036.5;0.0
3;48300;SNACKPACK_CHOCOLATE;10018;27;10016;52;;;10035;27;10037;52;;;10026.5;0.0
3;48400;SNACKPACK_CHOCOLATE;10016;24;10014;51;;;10033;24;10035;51;;;10024.5;0.0
3;48500;SNACKPACK_CHOCOLATE;10030;24;10028;50;;;10047;24;10049;50;;;10038.5;0.0
3;48600;SNACKPACK_CHOCOLATE;10028;36;10026;46;;;10045;36;10047;46;;;10036.5;0.0
3;48700;SNACKPACK_CHOCOLATE;10037;25;10035;50;;;10055;25;10057;50;;;10046.0;0.0
3;48800;SNACKPACK_CHOCOLATE;10031;25;10029;48;;;10048;25;10050;48;;;10039.5;0.0
3;48900;SNACKPACK_CHOCOLATE;10025;33;10023;51;;;10042;33;10044;51;;;10033.5;0.0
3;49000;SNACKPACK_CHOCOLATE;10028;33;10026;47;;;10045;33;10047;47;;;10036.5;0.0
3;49100;SNACKPACK_CHOCOLATE;10021;30;10019;58;;;10038;30;10040;58;;;10029.5;0.0
3;49200;SNACKPACK_CHOCOLATE;10028;37;10026;45;;;10045;37;10047;45;;;10036.5;0.0
3;49300;SNACKPACK_CHOCOLATE;10021;23;10019;50;;;10038;23;10040;50;;;10029.5;0.0
3;49400;SNACKPACK_CHOCOLATE;10025;34;10023;50;;;10042;34;10044;50;;;10033.5;0.0
3;49500;SNACKPACK_CHOCOLATE;10028;35;10026;54;;;10045;35;10047;54;;;10036.5;0.0
3;49600;SNACKPACK_CHOCOLATE;10029;23;10027;49;;;10046;23;10048;49;;;10037.5;0.0
3;49700;SNACKPACK_CHOCOLATE;10034;29;10032;51;;;10052;29;10054;51;;;10043.0;0.0
3;49800;SNACKPACK_CHOCOLATE;10026;23;10024;59;;;10043;23;10045;59;;;10034.5;0.0
3;49900;SNACKPACK_CHOCOLATE;10026;31;10024;40;;;10043;31;10045;40;;;10034.5;0.0
3;50000;SNACKPACK_CHOCOLATE;10020;32;10018;40;;;10037;32;10039;40;;;10028.5;0.0
3;50100;SNACKPACK_CHOCOLATE;10017;24;10015;59;;;10034;24;10036;59;;;10025.5;0.0
3;50200;SNACKPACK_CHOCOLATE;10011;23;10009;43;;;10028;23;10030;43;;;10019.5;0.0
3;50300;SNACKPACK_CHOCOLATE;10012;31;10010;50;;;10029;31;10031;50;;;10020.5;0.0
3;50400;SNACKPACK_CHOCOLATE;10012;39;10010;60;;;10029;39;10031;60;;;10020.5;0.0
3;50500;SNACKPACK_CHOCOLATE;10021;32;10019;48;;;10038;32;10040;48;;;10029.5;0.0
3;50600;SNACKPACK_CHOCOLATE;10016;28;10014;41;;;10033;28;10035;41;;;10024.5;0.0
3;50700;SNACKPACK_CHOCOLATE;10022;21;10020;54;;;10030;5;10039;21;10041;54;10026.0;0.0
3;50800;SNACKPACK_CHOCOLATE;10029;25;10027;40;;;10046;25;10048;40;;;10037.5;0.0
3;50900;SNACKPACK_CHOCOLATE;10038;37;10036;42;;;10055;37;10057;42;;;10046.5;0.0
3;51000;SNACKPACK_CHOCOLATE;10033;35;10031;60;;;10050;35;10052;60;;;10041.5;0.0
3;51100;SNACKPACK_CHOCOLATE;10033;35;10031;47;;;10050;35;10052;47;;;10041.5;0.0
3;51200;SNACKPACK_CHOCOLATE;10035;20;10033;40;;;10052;20;10054;40;;;10043.5;0.0
3;51300;SNACKPACK_CHOCOLATE;10041;27;10039;48;;;10058;27;10060;48;;;10049.5;0.0
3;51400;SNACKPACK_CHOCOLATE;10036;40;10034;41;;;10053;40;10055;41;;;10044.5;0.0
3;51500;SNACKPACK_CHOCOLATE;10036;29;10034;57;;;10053;29;10055;57;;;10044.5;0.0
3;51600;SNACKPACK_CHOCOLATE;10037;40;10035;57;;;10054;40;10056;57;;;10045.5;0.0
3;51700;SNACKPACK_CHOCOLATE;10043;27;10041;46;;;10060;27;10062;46;;;10051.5;0.0
3;51800;SNACKPACK_CHOCOLATE;10031;39;10029;42;;;10048;39;10050;42;;;10039.5;0.0
3;51900;SNACKPACK_CHOCOLATE;10026;30;10024;45;;;10043;30;10045;45;;;10034.5;0.0
3;52000;SNACKPACK_CHOCOLATE;10024;39;10022;44;;;10041;39;10043;44;;;10032.5;0.0
3;52100;SNACKPACK_CHOCOLATE;10018;22;10016;46;;;10035;22;10037;46;;;10026.5;0.0
3;52200;SNACKPACK_CHOCOLATE;10025;34;10023;47;;;10042;34;10044;47;;;10033.5;0.0
3;52300;SNACKPACK_CHOCOLATE;10019;30;10017;50;;;10027;6;10036;30;10038;50;10023.0;0.0
3;52400;SNACKPACK_CHOCOLATE;10027;30;10025;57;;;10044;30;10046;57;;;10035.5;0.0
3;52500;SNACKPACK_CHOCOLATE;10029;39;10027;43;;;10046;39;10048;43;;;10037.5;0.0
3;52600;SNACKPACK_CHOCOLATE;10028;27;10026;57;;;10045;27;10047;57;;;10036.5;0.0
3;52700;SNACKPACK_CHOCOLATE;10027;36;10025;48;;;10044;36;10046;48;;;10035.5;0.0
3;52800;SNACKPACK_CHOCOLATE;10024;22;10022;50;;;10041;22;10043;50;;;10032.5;0.0
3;52900;SNACKPACK_CHOCOLATE;10024;38;10022;45;;;10041;38;10043;45;;;10032.5;0.0
3;53000;SNACKPACK_CHOCOLATE;10021;27;10018;60;;;10038;27;10040;60;;;10029.5;0.0
3;53100;SNACKPACK_CHOCOLATE;10023;39;10021;56;;;10040;39;10042;56;;;10031.5;0.0
3;53200;SNACKPACK_CHOCOLATE;10037;20;10035;48;;;10054;20;10056;48;;;10045.5;0.0
3;53300;SNACKPACK_CHOCOLATE;10038;25;10036;47;;;10055;25;10057;47;;;10046.5;0.0
3;53400;SNACKPACK_CHOCOLATE;10046;30;10044;52;;;10063;30;10065;52;;;10054.5;0.0
3;53500;SNACKPACK_CHOCOLATE;10051;37;10049;47;;;10069;37;10071;47;;;10060.0;0.0
3;53600;SNACKPACK_CHOCOLATE;10047;26;10045;60;;;10065;26;10067;60;;;10056.0;0.0
3;53700;SNACKPACK_CHOCOLATE;10064;39;10062;40;;;10081;39;10083;40;;;10072.5;0.0
3;53800;SNACKPACK_CHOCOLATE;10059;35;10057;45;;;10076;35;10078;45;;;10067.5;0.0
3;53900;SNACKPACK_CHOCOLATE;10067;21;10065;42;;;10084;21;10086;42;;;10075.5;0.0
3;54000;SNACKPACK_CHOCOLATE;10074;37;10072;42;;;10091;37;10093;42;;;10082.5;0.0
3;54100;SNACKPACK_CHOCOLATE;10062;26;10060;47;;;10079;26;10081;47;;;10070.5;0.0
3;54200;SNACKPACK_CHOCOLATE;10051;37;10049;57;;;10069;37;10071;57;;;10060.0;0.0
3;54300;SNACKPACK_CHOCOLATE;10059;25;10057;47;;;10076;25;10078;47;;;10067.5;0.0
3;54400;SNACKPACK_CHOCOLATE;10073;31;10071;42;;;10090;31;10092;42;;;10081.5;0.0
3;54500;SNACKPACK_CHOCOLATE;10069;35;10067;47;;;10086;35;10088;47;;;10077.5;0.0
3;54600;SNACKPACK_CHOCOLATE;10071;26;10069;60;;;10088;26;10090;60;;;10079.5;0.0
3;54700;SNACKPACK_CHOCOLATE;10069;27;10067;52;;;10086;27;10088;52;;;10077.5;0.0
3;54800;SNACKPACK_CHOCOLATE;10075;34;10073;41;;;10093;34;10095;41;;;10084.0;0.0
3;54900;SNACKPACK_CHOCOLATE;10078;27;10076;55;;;10095;27;10097;55;;;10086.5;0.0
3;55000;SNACKPACK_CHOCOLATE;10082;26;10080;47;;;10099;26;10101;47;;;10090.5;0.0
3;55100;SNACKPACK_CHOCOLATE;10079;37;10077;58;;;10096;37;10098;58;;;10087.5;0.0
3;55200;SNACKPACK_CHOCOLATE;10089;36;10087;48;;;10106;36;10108;48;;;10097.5;0.0
3;55300;SNACKPACK_CHOCOLATE;10088;20;10086;58;;;10106;20;10108;58;;;10097.0;0.0
3;55400;SNACKPACK_CHOCOLATE;10090;38;10088;57;;;10107;38;10109;57;;;10098.5;0.0
3;55500;SNACKPACK_CHOCOLATE;10090;34;10088;50;;;10107;34;10109;50;;;10098.5;0.0
3;55600;SNACKPACK_CHOCOLATE;10081;30;10079;58;;;10099;30;10101;58;;;10090.0;0.0
3;55700;SNACKPACK_CHOCOLATE;10078;38;10076;51;;;10095;38;10097;51;;;10086.5;0.0
3;55800;SNACKPACK_CHOCOLATE;10080;29;10078;48;;;10097;29;10099;48;;;10088.5;0.0
3;55900;SNACKPACK_CHOCOLATE;10090;38;10088;57;;;10107;38;10109;57;;;10098.5;0.0
3;56000;SNACKPACK_CHOCOLATE;10088;31;10086;55;;;10105;31;10107;55;;;10096.5;0.0
3;56100;SNACKPACK_CHOCOLATE;10091;26;10089;46;;;10108;26;10110;46;;;10099.5;0.0
3;56200;SNACKPACK_CHOCOLATE;10092;30;10090;44;;;10100;6;10109;30;10111;44;10096.0;0.0
3;56300;SNACKPACK_CHOCOLATE;10094;36;10092;59;;;10111;36;10113;59;;;10102.5;0.0
3;56400;SNACKPACK_CHOCOLATE;10097;28;10095;44;;;10114;28;10116;44;;;10105.5;0.0
3;56500;SNACKPACK_CHOCOLATE;10090;21;10088;45;;;10107;21;10109;45;;;10098.5;0.0
3;56600;SNACKPACK_CHOCOLATE;10087;24;10085;41;;;10104;24;10106;41;;;10095.5;0.0
3;56700;SNACKPACK_CHOCOLATE;10092;20;10090;57;;;10109;20;10111;57;;;10100.5;0.0
3;56800;SNACKPACK_CHOCOLATE;10091;27;10089;57;;;10108;27;10110;57;;;10099.5;0.0
3;56900;SNACKPACK_CHOCOLATE;10085;27;10083;42;;;10102;27;10105;42;;;10093.5;0.0
3;57000;SNACKPACK_CHOCOLATE;10088;31;10086;58;;;10105;31;10107;58;;;10096.5;0.0
3;57100;SNACKPACK_CHOCOLATE;10083;40;10081;43;;;10101;40;10103;43;;;10092.0;0.0
3;57200;SNACKPACK_CHOCOLATE;10077;37;10075;43;;;10094;37;10096;43;;;10085.5;0.0
3;57300;SNACKPACK_CHOCOLATE;10086;30;10084;54;;;10103;30;10105;54;;;10094.5;0.0
3;57400;SNACKPACK_CHOCOLATE;10082;24;10080;58;;;10099;24;10101;58;;;10090.5;0.0
3;57500;SNACKPACK_CHOCOLATE;10088;27;10086;43;;;10105;27;10107;43;;;10096.5;0.0
3;57600;SNACKPACK_CHOCOLATE;10086;32;10084;55;;;10103;32;10105;55;;;10094.5;0.0
3;57700;SNACKPACK_CHOCOLATE;10097;25;10095;59;;;10114;25;10116;59;;;10105.5;0.0
3;57800;SNACKPACK_CHOCOLATE;10091;25;10089;52;;;10108;25;10110;52;;;10099.5;0.0
3;57900;SNACKPACK_CHOCOLATE;10093;24;10091;59;;;10110;24;10112;59;;;10101.5;0.0
3;58000;SNACKPACK_CHOCOLATE;10085;39;10083;59;;;10102;39;10104;59;;;10093.5;0.0
3;58100;SNACKPACK_CHOCOLATE;10084;25;10082;44;;;10101;25;10103;44;;;10092.5;0.0
3;58200;SNACKPACK_CHOCOLATE;10096;40;10094;48;;;10113;40;10115;48;;;10104.5;0.0
3;58300;SNACKPACK_CHOCOLATE;10097;32;10095;44;;;10114;32;10116;44;;;10105.5;0.0
3;58400;SNACKPACK_CHOCOLATE;10100;24;10098;51;;;10118;24;10120;51;;;10109.0;0.0
3;58500;SNACKPACK_CHOCOLATE;10109;31;10107;41;;;10126;31;10128;41;;;10117.5;0.0
3;58600;SNACKPACK_CHOCOLATE;10096;36;10094;60;;;10113;36;10115;60;;;10104.5;0.0
3;58700;SNACKPACK_CHOCOLATE;10101;36;10099;43;;;10118;36;10120;43;;;10109.5;0.0
3;58800;SNACKPACK_CHOCOLATE;10097;37;10095;55;;;10114;37;10116;55;;;10105.5;0.0
3;58900;SNACKPACK_CHOCOLATE;10099;37;10097;57;;;10116;37;10118;57;;;10107.5;0.0
3;59000;SNACKPACK_CHOCOLATE;10096;34;10094;54;;;10113;34;10115;54;;;10104.5;0.0
3;59100;SNACKPACK_CHOCOLATE;10092;20;10090;59;;;10109;20;10111;59;;;10100.5;0.0
3;59200;SNACKPACK_CHOCOLATE;10093;30;10091;40;;;10110;30;10112;40;;;10101.5;0.0
3;59300;SNACKPACK_CHOCOLATE;10092;35;10090;55;;;10109;35;10111;55;;;10100.5;0.0
3;59400;SNACKPACK_CHOCOLATE;10081;26;10079;58;;;10098;26;10100;58;;;10089.5;0.0
3;59500;SNACKPACK_CHOCOLATE;10081;26;10079;40;;;10098;26;10100;40;;;10089.5;0.0
3;59600;SNACKPACK_CHOCOLATE;10073;35;10071;58;;;10090;35;10092;58;;;10081.5;0.0
3;59700;SNACKPACK_CHOCOLATE;10074;34;10072;49;;;10091;34;10093;49;;;10082.5;0.0
3;59800;SNACKPACK_CHOCOLATE;10080;22;10078;45;;;10097;22;10099;45;;;10088.5;0.0
3;59900;SNACKPACK_CHOCOLATE;10077;27;10074;54;;;10094;27;10096;54;;;10085.5;0.0
3;60000;SNACKPACK_CHOCOLATE;10078;36;10076;50;;;10095;36;10097;50;;;10086.5;0.0
3;60100;SNACKPACK_CHOCOLATE;10081;21;10079;48;;;10098;21;10100;48;;;10089.5;0.0
3;60200;SNACKPACK_CHOCOLATE;10081;33;10079;41;;;10098;33;10100;41;;;10089.5;0.0
3;60300;SNACKPACK_CHOCOLATE;10086;33;10084;57;;;10103;33;10105;57;;;10094.5;0.0
3;60400;SNACKPACK_CHOCOLATE;10081;33;10078;54;;;10098;33;10100;54;;;10089.5;0.0
3;60500;SNACKPACK_CHOCOLATE;10086;38;10083;58;;;10103;38;10105;58;;;10094.5;0.0
3;60600;SNACKPACK_CHOCOLATE;10085;37;10083;41;;;10102;37;10104;41;;;10093.5;0.0
3;60700;SNACKPACK_CHOCOLATE;10093;23;10091;43;;;10110;23;10112;43;;;10101.5;0.0
3;60800;SNACKPACK_CHOCOLATE;10097;30;10095;46;;;10114;30;10116;46;;;10105.5;0.0
3;60900;SNACKPACK_CHOCOLATE;10098;36;10096;43;;;10116;36;10118;43;;;10107.0;0.0
3;61000;SNACKPACK_CHOCOLATE;10097;38;10095;49;;;10114;38;10116;49;;;10105.5;0.0
3;61100;SNACKPACK_CHOCOLATE;10107;22;10105;43;;;10124;22;10127;43;;;10115.5;0.0
3;61200;SNACKPACK_CHOCOLATE;10102;20;10100;41;;;10119;20;10121;41;;;10110.5;0.0
3;61300;SNACKPACK_CHOCOLATE;10104;6;10096;29;10094;58;10113;29;10115;58;;;10108.5;0.0
3;61400;SNACKPACK_CHOCOLATE;10085;20;10083;47;;;10102;20;10104;47;;;10093.5;0.0
3;61500;SNACKPACK_CHOCOLATE;10078;25;10075;53;;;10095;25;10097;53;;;10086.5;0.0
3;61600;SNACKPACK_CHOCOLATE;10072;21;10070;47;;;10089;21;10091;47;;;10080.5;0.0
3;61700;SNACKPACK_CHOCOLATE;10072;27;10070;48;;;10090;27;10092;48;;;10081.0;0.0
3;61800;SNACKPACK_CHOCOLATE;10067;27;10065;58;;;10085;27;10087;58;;;10076.0;0.0
3;61900;SNACKPACK_CHOCOLATE;10064;36;10062;49;;;10082;36;10084;49;;;10073.0;0.0
3;62000;SNACKPACK_CHOCOLATE;10074;26;10072;48;;;10091;26;10093;48;;;10082.5;0.0
3;62100;SNACKPACK_CHOCOLATE;10076;34;10074;47;;;10093;34;10095;47;;;10084.5;0.0
3;62200;SNACKPACK_CHOCOLATE;10078;31;10076;59;;;10095;31;10097;59;;;10086.5;0.0
3;62300;SNACKPACK_CHOCOLATE;10072;22;10070;43;;;10089;22;10091;43;;;10080.5;0.0
3;62400;SNACKPACK_CHOCOLATE;10075;25;10073;46;;;10092;25;10094;46;;;10083.5;0.0
3;62500;SNACKPACK_CHOCOLATE;10069;21;10067;57;;;10086;21;10088;57;;;10077.5;0.0
3;62600;SNACKPACK_CHOCOLATE;10065;26;10063;55;;;10082;26;10084;55;;;10073.5;0.0
3;62700;SNACKPACK_CHOCOLATE;10074;32;10072;55;;;10092;32;10094;55;;;10083.0;0.0
3;62800;SNACKPACK_CHOCOLATE;10074;40;10072;49;;;10091;40;10093;49;;;10082.5;0.0
3;62900;SNACKPACK_CHOCOLATE;10072;36;10070;51;;;10089;36;10091;51;;;10080.5;0.0
3;63000;SNACKPACK_CHOCOLATE;10067;27;10065;47;;;10084;27;10086;47;;;10075.5;0.0
3;63100;SNACKPACK_CHOCOLATE;10062;32;10060;44;;;10079;32;10081;44;;;10070.5;0.0
3;63200;SNACKPACK_CHOCOLATE;10065;27;10063;54;;;10082;27;10084;54;;;10073.5;0.0
3;63300;SNACKPACK_CHOCOLATE;10073;21;10071;53;;;10090;21;10092;53;;;10081.5;0.0
3;63400;SNACKPACK_CHOCOLATE;10067;36;10065;44;;;10084;36;10086;44;;;10075.5;0.0
3;63500;SNACKPACK_CHOCOLATE;10072;29;10070;47;;;10089;29;10092;47;;;10080.5;0.0
3;63600;SNACKPACK_CHOCOLATE;10077;25;10075;60;;;10094;25;10096;60;;;10085.5;0.0
3;63700;SNACKPACK_CHOCOLATE;10082;26;10080;46;;;10099;26;10101;46;;;10090.5;0.0
3;63800;SNACKPACK_CHOCOLATE;10084;33;10082;56;;;10101;33;10103;56;;;10092.5;0.0
3;63900;SNACKPACK_CHOCOLATE;10088;26;10086;52;;;10105;26;10107;52;;;10096.5;0.0
3;64000;SNACKPACK_CHOCOLATE;10092;29;10090;47;;;10109;29;10111;47;;;10100.5;0.0
3;64100;SNACKPACK_CHOCOLATE;10112;31;10110;46;;;10129;31;10131;46;;;10120.5;0.0
3;64200;SNACKPACK_CHOCOLATE;10114;30;10112;53;;;10131;30;10133;53;;;10122.5;0.0
3;64300;SNACKPACK_CHOCOLATE;10118;34;10116;55;;;10135;34;10137;55;;;10126.5;0.0
3;64400;SNACKPACK_CHOCOLATE;10114;25;10112;43;;;10131;25;10133;43;;;10122.5;0.0
3;64500;SNACKPACK_CHOCOLATE;10129;21;10127;53;;;10146;21;10148;53;;;10137.5;0.0
3;64600;SNACKPACK_CHOCOLATE;10121;29;10119;58;;;10138;29;10140;58;;;10129.5;0.0
3;64700;SNACKPACK_CHOCOLATE;10113;40;10111;49;;;10130;40;10132;49;;;10121.5;0.0
3;64800;SNACKPACK_CHOCOLATE;10100;22;10098;50;;;10108;2;10117;22;10119;50;10104.0;0.0
3;64900;SNACKPACK_CHOCOLATE;10107;25;10105;60;;;10124;25;10126;60;;;10115.5;0.0
3;65000;SNACKPACK_CHOCOLATE;10102;40;10100;51;;;10119;40;10121;51;;;10110.5;0.0
3;65100;SNACKPACK_CHOCOLATE;10109;32;10107;44;;;10126;32;10128;44;;;10117.5;0.0
3;65200;SNACKPACK_CHOCOLATE;10100;21;10098;42;;;10117;21;10119;42;;;10108.5;0.0
3;65300;SNACKPACK_CHOCOLATE;10110;22;10108;55;;;10128;22;10130;55;;;10119.0;0.0
3;65400;SNACKPACK_CHOCOLATE;10128;35;10126;52;;;10145;35;10147;52;;;10136.5;0.0
3;65500;SNACKPACK_CHOCOLATE;10130;30;10128;48;;;10147;30;10149;48;;;10138.5;0.0
3;65600;SNACKPACK_CHOCOLATE;10134;21;10132;51;;;10152;21;10154;51;;;10143.0;0.0
3;65700;SNACKPACK_CHOCOLATE;10139;30;10137;44;;;10156;30;10158;44;;;10147.5;0.0
3;65800;SNACKPACK_CHOCOLATE;10147;39;10145;45;;;10165;39;10167;45;;;10156.0;0.0
3;65900;SNACKPACK_CHOCOLATE;10150;39;10148;47;;;10167;39;10169;47;;;10158.5;0.0
3;66000;SNACKPACK_CHOCOLATE;10143;39;10141;43;;;10160;39;10162;43;;;10151.5;0.0
3;66100;SNACKPACK_CHOCOLATE;10140;40;10138;46;;;10157;40;10159;46;;;10148.5;0.0
3;66200;SNACKPACK_CHOCOLATE;10143;32;10141;45;;;10160;32;10162;45;;;10151.5;0.0
3;66300;SNACKPACK_CHOCOLATE;10133;36;10131;52;;;10150;36;10152;52;;;10141.5;0.0
3;66400;SNACKPACK_CHOCOLATE;10137;22;10135;43;;;10154;22;10156;43;;;10145.5;0.0
3;66500;SNACKPACK_CHOCOLATE;10138;20;10136;50;;;10156;20;10158;50;;;10147.0;0.0
3;66600;SNACKPACK_CHOCOLATE;10131;25;10129;48;;;10149;25;10151;48;;;10140.0;0.0
3;66700;SNACKPACK_CHOCOLATE;10133;34;10131;52;;;10150;34;10152;52;;;10141.5;0.0
3;66800;SNACKPACK_CHOCOLATE;10131;31;10129;58;;;10149;31;10151;58;;;10140.0;0.0
3;66900;SNACKPACK_CHOCOLATE;10131;25;10129;54;;;10148;25;10150;54;;;10139.5;0.0
3;67000;SNACKPACK_CHOCOLATE;10121;26;10119;51;;;10138;26;10140;51;;;10129.5;0.0
3;67100;SNACKPACK_CHOCOLATE;10108;25;10106;45;;;10125;25;10127;45;;;10116.5;0.0
3;67200;SNACKPACK_CHOCOLATE;10118;24;10116;48;;;10135;24;10137;48;;;10126.5;0.0
3;67300;SNACKPACK_CHOCOLATE;10119;30;10117;53;;;10137;30;10139;53;;;10128.0;0.0
3;67400;SNACKPACK_CHOCOLATE;10118;30;10116;42;;;10136;30;10138;42;;;10127.0;0.0
3;67500;SNACKPACK_CHOCOLATE;10120;28;10118;47;;;10137;28;10139;47;;;10128.5;0.0
3;67600;SNACKPACK_CHOCOLATE;10129;26;10127;59;;;10147;26;10149;59;;;10138.0;0.0
3;67700;SNACKPACK_CHOCOLATE;10130;32;10128;44;;;10147;32;10149;44;;;10138.5;0.0
3;67800;SNACKPACK_CHOCOLATE;10132;26;10130;48;;;10149;26;10151;48;;;10140.5;0.0
3;67900;SNACKPACK_CHOCOLATE;10124;25;10122;44;;;10142;25;10144;44;;;10133.0;0.0
3;68000;SNACKPACK_CHOCOLATE;10126;24;10124;43;;;10143;24;10145;43;;;10134.5;0.0
3;68100;SNACKPACK_CHOCOLATE;10118;33;10116;58;;;10136;33;10138;58;;;10127.0;0.0
3;68200;SNACKPACK_CHOCOLATE;10110;32;10108;48;;;10127;32;10129;48;;;10118.5;0.0
3;68300;SNACKPACK_CHOCOLATE;10115;35;10113;53;;;10132;35;10134;53;;;10123.5;0.0
3;68400;SNACKPACK_CHOCOLATE;10110;23;10108;55;;;10127;23;10129;55;;;10118.5;0.0
3;68500;SNACKPACK_CHOCOLATE;10102;21;10100;41;;;10119;21;10121;41;;;10110.5;0.0
3;68600;SNACKPACK_CHOCOLATE;10093;36;10091;58;;;10110;36;10112;58;;;10101.5;0.0
3;68700;SNACKPACK_CHOCOLATE;10100;35;10098;47;;;10117;35;10119;47;;;10108.5;0.0
3;68800;SNACKPACK_CHOCOLATE;10108;39;10106;42;;;10125;39;10127;42;;;10116.5;0.0
3;68900;SNACKPACK_CHOCOLATE;10110;40;10108;59;;;10127;40;10129;59;;;10118.5;0.0
3;69000;SNACKPACK_CHOCOLATE;10110;38;10108;41;;;10118;4;10127;38;10129;41;10114.0;0.0
3;69100;SNACKPACK_CHOCOLATE;10108;37;10106;60;;;10125;37;10127;60;;;10116.5;0.0
3;69200;SNACKPACK_CHOCOLATE;10110;22;10108;60;;;10127;22;10129;60;;;10118.5;0.0
3;69300;SNACKPACK_CHOCOLATE;10101;35;10099;43;;;10119;35;10121;43;;;10110.0;0.0
3;69400;SNACKPACK_CHOCOLATE;10108;32;10106;47;;;10125;32;10127;47;;;10116.5;0.0
3;69500;SNACKPACK_CHOCOLATE;10098;36;10096;49;;;10115;36;10117;49;;;10106.5;0.0
3;69600;SNACKPACK_CHOCOLATE;10109;27;10107;60;;;10126;27;10128;60;;;10117.5;0.0
3;69700;SNACKPACK_CHOCOLATE;10114;34;10112;58;;;10131;34;10133;58;;;10122.5;0.0
3;69800;SNACKPACK_CHOCOLATE;10105;29;10103;56;;;10122;29;10124;56;;;10113.5;0.0
3;69900;SNACKPACK_CHOCOLATE;10109;31;10107;41;;;10127;31;10129;41;;;10118.0;0.0
3;70000;SNACKPACK_CHOCOLATE;10109;36;10107;41;;;10126;36;10128;41;;;10117.5;0.0
3;70100;SNACKPACK_CHOCOLATE;10120;31;10118;40;;;10137;31;10139;40;;;10128.5;0.0
3;70200;SNACKPACK_CHOCOLATE;10121;34;10119;57;;;10138;34;10140;57;;;10129.5;0.0
3;70300;SNACKPACK_CHOCOLATE;10128;39;10125;55;;;10145;39;10147;55;;;10136.5;0.0
3;70400;SNACKPACK_CHOCOLATE;10126;35;10124;46;;;10143;35;10145;46;;;10134.5;0.0
3;70500;SNACKPACK_CHOCOLATE;10134;29;10132;54;;;10151;29;10153;54;;;10142.5;0.0
3;70600;SNACKPACK_CHOCOLATE;10135;29;10133;51;;;10152;29;10154;51;;;10143.5;0.0
3;70700;SNACKPACK_CHOCOLATE;10126;30;10124;46;;;10144;30;10146;46;;;10135.0;0.0
3;70800;SNACKPACK_CHOCOLATE;10123;32;10121;46;;;10140;32;10142;46;;;10131.5;0.0
3;70900;SNACKPACK_CHOCOLATE;10119;38;10117;56;;;10136;38;10138;56;;;10127.5;0.0
3;71000;SNACKPACK_CHOCOLATE;10115;38;10113;42;;;10133;38;10135;42;;;10124.0;0.0
3;71100;SNACKPACK_CHOCOLATE;10121;28;10119;51;;;10139;28;10141;51;;;10130.0;0.0
3;71200;SNACKPACK_CHOCOLATE;10123;23;10121;42;;;10140;23;10142;42;;;10131.5;0.0
3;71300;SNACKPACK_CHOCOLATE;10117;33;10115;60;;;10134;33;10136;60;;;10125.5;0.0
3;71400;SNACKPACK_CHOCOLATE;10115;37;10113;60;;;10132;37;10134;60;;;10123.5;0.0
3;71500;SNACKPACK_CHOCOLATE;10114;37;10112;60;;;10131;37;10133;60;;;10122.5;0.0
3;71600;SNACKPACK_CHOCOLATE;10114;30;10112;55;;;10132;30;10134;55;;;10123.0;0.0
3;71700;SNACKPACK_CHOCOLATE;10117;36;10115;58;;;10134;36;10136;58;;;10125.5;0.0
3;71800;SNACKPACK_CHOCOLATE;10114;38;10112;45;;;10131;38;10133;45;;;10122.5;0.0
3;71900;SNACKPACK_CHOCOLATE;10105;36;10103;49;;;10122;36;10124;49;;;10113.5;0.0
3;72000;SNACKPACK_CHOCOLATE;10097;25;10095;47;;;10114;25;10116;47;;;10105.5;0.0
3;72100;SNACKPACK_CHOCOLATE;10092;25;10090;56;;;10109;25;10111;56;;;10100.5;0.0
3;72200;SNACKPACK_CHOCOLATE;10090;20;10088;56;;;10107;20;10109;56;;;10098.5;0.0
3;72300;SNACKPACK_CHOCOLATE;10090;26;10088;57;;;10107;26;10109;57;;;10098.5;0.0
3;72400;SNACKPACK_CHOCOLATE;10081;36;10079;57;;;10098;36;10100;57;;;10089.5;0.0
3;72500;SNACKPACK_CHOCOLATE;10078;28;10076;51;;;10096;28;10098;51;;;10087.0;0.0
3;72600;SNACKPACK_CHOCOLATE;10089;21;10087;60;;;10106;21;10108;60;;;10097.5;0.0
3;72700;SNACKPACK_CHOCOLATE;10080;21;10078;51;;;10097;21;10099;51;;;10088.5;0.0
3;72800;SNACKPACK_CHOCOLATE;10072;28;10070;53;;;10089;28;10091;53;;;10080.5;0.0
3;72900;SNACKPACK_CHOCOLATE;10067;37;10065;43;;;10084;37;10086;43;;;10075.5;0.0
3;73000;SNACKPACK_CHOCOLATE;10060;23;10058;50;;;10077;23;10079;50;;;10068.5;0.0
3;73100;SNACKPACK_CHOCOLATE;10057;21;10055;43;;;10074;21;10076;43;;;10065.5;0.0
3;73200;SNACKPACK_CHOCOLATE;10047;24;10045;51;;;10064;24;10066;51;;;10055.5;0.0
3;73300;SNACKPACK_CHOCOLATE;10034;20;10032;56;;;10051;20;10053;56;;;10042.5;0.0
3;73400;SNACKPACK_CHOCOLATE;10016;27;10014;47;;;10033;27;10035;47;;;10024.5;0.0
3;73500;SNACKPACK_CHOCOLATE;10019;25;10017;43;;;10036;25;10038;43;;;10027.5;0.0
3;73600;SNACKPACK_CHOCOLATE;10008;20;10006;54;;;10025;20;10027;54;;;10016.5;0.0
3;73700;SNACKPACK_CHOCOLATE;10003;34;10001;40;;;10020;34;10022;40;;;10011.5;0.0
3;73800;SNACKPACK_CHOCOLATE;10004;33;10002;58;;;10021;33;10023;58;;;10012.5;0.0
3;73900;SNACKPACK_CHOCOLATE;10012;24;10010;45;;;10029;24;10031;45;;;10020.5;0.0
3;74000;SNACKPACK_CHOCOLATE;10005;39;10003;40;;;10022;39;10024;40;;;10013.5;0.0
3;74100;SNACKPACK_CHOCOLATE;10008;27;10006;52;;;10025;27;10027;52;;;10016.5;0.0
3;74200;SNACKPACK_CHOCOLATE;10010;36;10008;56;;;10027;36;10029;56;;;10018.5;0.0
3;74300;SNACKPACK_CHOCOLATE;10007;24;10005;54;;;10024;24;10026;54;;;10015.5;0.0
3;74400;SNACKPACK_CHOCOLATE;9999;33;9997;54;;;10016;33;10018;54;;;10007.5;0.0
3;74500;SNACKPACK_CHOCOLATE;9991;34;9989;49;;;10008;34;10010;49;;;9999.5;0.0
3;74600;SNACKPACK_CHOCOLATE;9988;38;9986;49;;;10005;38;10007;49;;;9996.5;0.0
3;74700;SNACKPACK_CHOCOLATE;9988;31;9986;60;;;10005;31;10007;60;;;9996.5;0.0
3;74800;SNACKPACK_CHOCOLATE;9997;36;9995;49;;;10014;36;10016;49;;;10005.5;0.0
3;74900;SNACKPACK_CHOCOLATE;10002;36;10000;45;;;10019;36;10021;45;;;10010.5;0.0
3;75000;SNACKPACK_CHOCOLATE;9991;37;9989;59;;;10008;37;10010;59;;;9999.5;0.0
3;75100;SNACKPACK_CHOCOLATE;9994;31;9992;57;;;10011;31;10013;57;;;10002.5;0.0
3;75200;SNACKPACK_CHOCOLATE;9992;28;9990;59;;;10009;28;10011;59;;;10000.5;0.0
3;75300;SNACKPACK_CHOCOLATE;9987;38;9985;44;;;10004;38;10006;44;;;9995.5;0.0
3;75400;SNACKPACK_CHOCOLATE;9982;20;9980;57;;;9999;20;10001;57;;;9990.5;0.0
3;75500;SNACKPACK_CHOCOLATE;9972;30;9970;43;;;9989;30;9991;43;;;9980.5;0.0
3;75600;SNACKPACK_CHOCOLATE;9981;38;9979;53;;;9998;38;10000;53;;;9989.5;0.0
3;75700;SNACKPACK_CHOCOLATE;9986;32;9984;52;;;10003;32;10005;52;;;9994.5;0.0
3;75800;SNACKPACK_CHOCOLATE;9982;24;9980;51;;;9999;24;10001;51;;;9990.5;0.0
3;75900;SNACKPACK_CHOCOLATE;9979;39;9977;52;;;9996;39;9998;52;;;9987.5;0.0
3;76000;SNACKPACK_CHOCOLATE;9977;30;9975;52;;;9994;30;9996;52;;;9985.5;0.0
3;76100;SNACKPACK_CHOCOLATE;9974;29;9972;48;;;9991;29;9993;48;;;9982.5;0.0
3;76200;SNACKPACK_CHOCOLATE;9967;23;9965;46;;;9984;23;9986;46;;;9975.5;0.0
3;76300;SNACKPACK_CHOCOLATE;9957;25;9955;56;;;9974;25;9976;56;;;9965.5;0.0
3;76400;SNACKPACK_CHOCOLATE;9954;34;9952;51;;;9971;34;9973;51;;;9962.5;0.0
3;76500;SNACKPACK_CHOCOLATE;9943;23;9941;52;;;9960;23;9962;52;;;9951.5;0.0
3;76600;SNACKPACK_CHOCOLATE;9955;24;9953;60;;;9972;24;9974;60;;;9963.5;0.0
3;76700;SNACKPACK_CHOCOLATE;9958;38;9956;49;;;9975;38;9977;49;;;9966.5;0.0
3;76800;SNACKPACK_CHOCOLATE;9945;20;9943;55;;;9962;20;9964;55;;;9953.5;0.0
3;76900;SNACKPACK_CHOCOLATE;9943;29;9941;49;;;9960;29;9962;49;;;9951.5;0.0
3;77000;SNACKPACK_CHOCOLATE;9946;22;9944;50;;;9963;22;9965;50;;;9954.5;0.0
3;77100;SNACKPACK_CHOCOLATE;9944;25;9942;46;;;9961;25;9963;46;;;9952.5;0.0
3;77200;SNACKPACK_CHOCOLATE;9939;25;9937;46;;;9956;25;9958;46;;;9947.5;0.0
3;77300;SNACKPACK_CHOCOLATE;9932;21;9930;44;;;9949;21;9951;44;;;9940.5;0.0
3;77400;SNACKPACK_CHOCOLATE;9923;22;9921;42;;;9940;22;9942;42;;;9931.5;0.0
3;77500;SNACKPACK_CHOCOLATE;9934;25;9932;46;;;9951;25;9953;46;;;9942.5;0.0
3;77600;SNACKPACK_CHOCOLATE;9934;25;9932;45;;;9951;25;9953;45;;;9942.5;0.0
3;77700;SNACKPACK_CHOCOLATE;9924;35;9922;42;;;9941;35;9943;42;;;9932.5;0.0
3;77800;SNACKPACK_CHOCOLATE;9915;21;9913;48;;;9932;21;9934;48;;;9923.5;0.0
3;77900;SNACKPACK_CHOCOLATE;9923;20;9921;42;;;9940;20;9942;42;;;9931.5;0.0
3;78000;SNACKPACK_CHOCOLATE;9931;27;9929;40;;;9948;27;9950;40;;;9939.5;0.0
3;78100;SNACKPACK_CHOCOLATE;9934;27;9932;50;;;9951;27;9953;50;;;9942.5;0.0
3;78200;SNACKPACK_CHOCOLATE;9929;32;9927;58;;;9946;32;9948;58;;;9937.5;0.0
3;78300;SNACKPACK_CHOCOLATE;9927;33;9925;46;;;9944;33;9946;46;;;9935.5;0.0
3;78400;SNACKPACK_CHOCOLATE;9926;30;9924;42;;;9943;30;9945;42;;;9934.5;0.0
3;78500;SNACKPACK_CHOCOLATE;9922;21;9920;55;;;9939;21;9941;55;;;9930.5;0.0
3;78600;SNACKPACK_CHOCOLATE;9919;20;9917;57;;;9936;20;9938;57;;;9927.5;0.0
3;78700;SNACKPACK_CHOCOLATE;9929;31;9927;59;;;9946;31;9948;59;;;9937.5;0.0
3;78800;SNACKPACK_CHOCOLATE;9924;35;9922;54;;;9941;35;9943;54;;;9932.5;0.0
3;78900;SNACKPACK_CHOCOLATE;9923;23;9921;40;;;9940;23;9942;40;;;9931.5;0.0
3;79000;SNACKPACK_CHOCOLATE;9918;36;9916;56;;;9935;36;9937;56;;;9926.5;0.0
3;79100;SNACKPACK_CHOCOLATE;9919;22;9917;49;;;9936;22;9938;49;;;9927.5;0.0
3;79200;SNACKPACK_CHOCOLATE;9921;20;9919;53;;;9938;20;9940;53;;;9929.5;0.0
3;79300;SNACKPACK_CHOCOLATE;9918;25;9916;57;;;9935;25;9937;57;;;9926.5;0.0
3;79400;SNACKPACK_CHOCOLATE;9924;23;9922;51;;;9941;23;9943;51;;;9932.5;0.0
3;79500;SNACKPACK_CHOCOLATE;9929;30;9927;47;;;9946;30;9948;47;;;9937.5;0.0
3;79600;SNACKPACK_CHOCOLATE;9923;22;9921;51;;;9940;22;9942;51;;;9931.5;0.0
3;79700;SNACKPACK_CHOCOLATE;9919;21;9917;59;;;9936;21;9938;59;;;9927.5;0.0
3;79800;SNACKPACK_CHOCOLATE;9920;29;9918;40;;;9937;29;9939;40;;;9928.5;0.0
3;79900;SNACKPACK_CHOCOLATE;9928;6;9920;25;9918;44;9937;25;9939;44;;;9932.5;0.0
3;80000;SNACKPACK_CHOCOLATE;9908;27;9906;49;;;9925;27;9927;49;;;9916.5;0.0
3;80100;SNACKPACK_CHOCOLATE;9905;38;9903;60;;;9922;38;9924;60;;;9913.5;0.0
3;80200;SNACKPACK_CHOCOLATE;9902;25;9900;40;;;9919;25;9921;40;;;9910.5;0.0
3;80300;SNACKPACK_CHOCOLATE;9896;34;9894;60;;;9913;34;9915;60;;;9904.5;0.0
3;80400;SNACKPACK_CHOCOLATE;9888;32;9886;48;;;9905;32;9907;48;;;9896.5;0.0
3;80500;SNACKPACK_CHOCOLATE;9881;39;9879;59;;;9897;39;9899;59;;;9889.0;0.0
3;80600;SNACKPACK_CHOCOLATE;9881;32;9879;40;;;9898;32;9900;40;;;9889.5;0.0
3;80700;SNACKPACK_CHOCOLATE;9894;27;9892;43;;;9911;27;9913;43;;;9902.5;0.0
3;80800;SNACKPACK_CHOCOLATE;9902;36;9900;51;;;9919;36;9921;51;;;9910.5;0.0
3;80900;SNACKPACK_CHOCOLATE;9909;23;9907;59;;;9926;23;9928;59;;;9917.5;0.0
3;81000;SNACKPACK_CHOCOLATE;9903;22;9901;53;;;9920;22;9922;53;;;9911.5;0.0
3;81100;SNACKPACK_CHOCOLATE;9903;22;9901;44;;;9920;22;9922;44;;;9911.5;0.0
3;81200;SNACKPACK_CHOCOLATE;9907;21;9905;47;;;9924;21;9926;47;;;9915.5;0.0
3;81300;SNACKPACK_CHOCOLATE;9906;30;9904;52;;;9923;30;9925;52;;;9914.5;0.0
3;81400;SNACKPACK_CHOCOLATE;9909;37;9907;43;;;9926;37;9928;43;;;9917.5;0.0
3;81500;SNACKPACK_CHOCOLATE;9907;33;9905;48;;;9924;33;9926;48;;;9915.5;0.0
3;81600;SNACKPACK_CHOCOLATE;9908;28;9906;50;;;9925;28;9927;50;;;9916.5;0.0
3;81700;SNACKPACK_CHOCOLATE;9903;35;9901;45;;;9920;35;9922;45;;;9911.5;0.0
3;81800;SNACKPACK_CHOCOLATE;9908;31;9906;50;;;9924;31;9926;50;;;9916.0;0.0
3;81900;SNACKPACK_CHOCOLATE;9912;28;9910;49;;;9929;28;9931;49;;;9920.5;0.0
3;82000;SNACKPACK_CHOCOLATE;9903;40;9901;59;;;9920;40;9922;59;;;9911.5;0.0
3;82100;SNACKPACK_CHOCOLATE;9910;20;9908;44;;;9927;20;9929;44;;;9918.5;0.0
3;82200;SNACKPACK_CHOCOLATE;9908;37;9906;59;;;9925;37;9927;59;;;9916.5;0.0
3;82300;SNACKPACK_CHOCOLATE;9910;37;9908;58;;;9927;37;9929;58;;;9918.5;0.0
3;82400;SNACKPACK_CHOCOLATE;9912;25;9910;49;;;9929;25;9931;49;;;9920.5;0.0
3;82500;SNACKPACK_CHOCOLATE;9902;34;9900;40;;;9919;34;9921;40;;;9910.5;0.0
3;82600;SNACKPACK_CHOCOLATE;9903;40;9901;53;;;9920;40;9922;53;;;9911.5;0.0
3;82700;SNACKPACK_CHOCOLATE;9899;25;9897;49;;;9915;25;9917;49;;;9907.0;0.0
3;82800;SNACKPACK_CHOCOLATE;9895;38;9893;54;;;9912;38;9913;54;;;9903.5;0.0
3;82900;SNACKPACK_CHOCOLATE;9893;26;9891;54;;;9910;26;9912;54;;;9901.5;0.0
3;83000;SNACKPACK_CHOCOLATE;9886;25;9884;50;;;9903;25;9905;50;;;9894.5;0.0
3;83100;SNACKPACK_CHOCOLATE;9896;39;9894;41;;;9913;39;9915;41;;;9904.5;0.0
3;83200;SNACKPACK_CHOCOLATE;9909;28;9907;51;;;9926;28;9928;51;;;9917.5;0.0
3;83300;SNACKPACK_CHOCOLATE;9907;33;9905;52;;;9924;33;9926;52;;;9915.5;0.0
3;83400;SNACKPACK_CHOCOLATE;9900;20;9898;52;;;9917;20;9919;52;;;9908.5;0.0
3;83500;SNACKPACK_CHOCOLATE;9911;5;9903;29;9901;41;9920;29;9922;41;;;9915.5;0.0
3;83600;SNACKPACK_CHOCOLATE;9901;26;9899;43;;;9918;26;9920;43;;;9909.5;0.0
3;83700;SNACKPACK_CHOCOLATE;9911;35;9909;50;;;9928;35;9930;50;;;9919.5;0.0
3;83800;SNACKPACK_CHOCOLATE;9904;33;9902;44;;;9921;33;9923;44;;;9912.5;0.0
3;83900;SNACKPACK_CHOCOLATE;9911;25;9909;55;;;9928;25;9930;55;;;9919.5;0.0
3;84000;SNACKPACK_CHOCOLATE;9909;38;9907;53;;;9926;38;9928;53;;;9917.5;0.0
3;84100;SNACKPACK_CHOCOLATE;9907;28;9905;58;;;9924;28;9926;58;;;9915.5;0.0
3;84200;SNACKPACK_CHOCOLATE;9912;20;9910;60;;;9929;20;9931;60;;;9920.5;0.0
3;84300;SNACKPACK_CHOCOLATE;9904;24;9902;41;;;9921;24;9923;41;;;9912.5;0.0
3;84400;SNACKPACK_CHOCOLATE;9915;38;9913;52;;;9931;38;9933;52;;;9923.0;0.0
3;84500;SNACKPACK_CHOCOLATE;9930;22;9928;52;;;9947;22;9948;52;;;9938.5;0.0
3;84600;SNACKPACK_CHOCOLATE;9942;22;9940;44;;;9959;22;9961;44;;;9950.5;0.0
3;84700;SNACKPACK_CHOCOLATE;9936;38;9934;44;;;9953;38;9955;44;;;9944.5;0.0
3;84800;SNACKPACK_CHOCOLATE;9943;23;9941;54;;;9960;23;9962;54;;;9951.5;0.0
3;84900;SNACKPACK_CHOCOLATE;9950;39;9948;52;;;9958;5;9967;39;9969;52;9954.0;0.0
3;85000;SNACKPACK_CHOCOLATE;9947;27;9945;48;;;9964;27;9966;48;;;9955.5;0.0
3;85100;SNACKPACK_CHOCOLATE;9943;22;9941;44;;;9960;22;9962;44;;;9951.5;0.0
3;85200;SNACKPACK_CHOCOLATE;9937;34;9935;58;;;9954;34;9956;58;;;9945.5;0.0
3;85300;SNACKPACK_CHOCOLATE;9944;32;9942;40;;;9961;32;9963;40;;;9952.5;0.0
3;85400;SNACKPACK_CHOCOLATE;9946;23;9944;40;;;9963;23;9965;40;;;9954.5;0.0
3;85500;SNACKPACK_CHOCOLATE;9948;36;9946;50;;;9965;36;9967;50;;;9956.5;0.0
3;85600;SNACKPACK_CHOCOLATE;9947;33;9945;47;;;9964;33;9966;47;;;9955.5;0.0
3;85700;SNACKPACK_CHOCOLATE;9954;26;9952;45;;;9971;26;9973;45;;;9962.5;0.0
3;85800;SNACKPACK_CHOCOLATE;9955;38;9953;55;;;9972;38;9974;55;;;9963.5;0.0
3;85900;SNACKPACK_CHOCOLATE;9966;21;9964;43;;;9983;21;9985;43;;;9974.5;0.0
3;86000;SNACKPACK_CHOCOLATE;9961;29;9959;42;;;9978;29;9980;42;;;9969.5;0.0
3;86100;SNACKPACK_CHOCOLATE;9967;24;9965;54;;;9984;24;9986;54;;;9975.5;0.0
3;86200;SNACKPACK_CHOCOLATE;9962;39;9960;56;;;9979;39;9981;56;;;9970.5;0.0
3;86300;SNACKPACK_CHOCOLATE;9963;28;9961;58;;;9980;28;9982;58;;;9971.5;0.0
3;86400;SNACKPACK_CHOCOLATE;9967;27;9965;50;;;9984;27;9986;50;;;9975.5;0.0
3;86500;SNACKPACK_CHOCOLATE;9962;33;9960;51;;;9979;33;9981;51;;;9970.5;0.0
3;86600;SNACKPACK_CHOCOLATE;9960;33;9958;42;;;9976;33;9978;42;;;9968.0;0.0
3;86700;SNACKPACK_CHOCOLATE;9966;29;9964;56;;;9983;29;9985;56;;;9974.5;0.0
3;86800;SNACKPACK_CHOCOLATE;9964;34;9962;57;;;9981;34;9983;57;;;9972.5;0.0
3;86900;SNACKPACK_CHOCOLATE;9967;24;9965;47;;;9984;24;9986;47;;;9975.5;0.0
3;87000;SNACKPACK_CHOCOLATE;9964;40;9962;49;;;9981;40;9983;49;;;9972.5;0.0
3;87100;SNACKPACK_CHOCOLATE;9966;37;9964;43;;;9974;4;9983;37;9985;43;9970.0;0.0
3;87200;SNACKPACK_CHOCOLATE;9969;25;9967;51;;;9986;25;9988;51;;;9977.5;0.0
3;87300;SNACKPACK_CHOCOLATE;9972;25;9970;45;;;9989;25;9991;45;;;9980.5;0.0
3;87400;SNACKPACK_CHOCOLATE;9977;24;9975;52;;;9994;24;9996;52;;;9985.5;0.0
3;87500;SNACKPACK_CHOCOLATE;9986;28;9984;54;;;10003;28;10005;54;;;9994.5;0.0
3;87600;SNACKPACK_CHOCOLATE;9982;22;9980;59;;;9999;22;10001;59;;;9990.5;0.0
3;87700;SNACKPACK_CHOCOLATE;9981;34;9979;52;;;9998;34;10000;52;;;9989.5;0.0
3;87800;SNACKPACK_CHOCOLATE;9976;25;9974;55;;;9993;25;9995;55;;;9984.5;0.0
3;87900;SNACKPACK_CHOCOLATE;9969;34;9967;47;;;9986;34;9988;47;;;9977.5;0.0
3;88000;SNACKPACK_CHOCOLATE;9967;40;9965;60;;;9984;40;9986;60;;;9975.5;0.0
3;88100;SNACKPACK_CHOCOLATE;9965;25;9963;55;;;9982;25;9984;55;;;9973.5;0.0
3;88200;SNACKPACK_CHOCOLATE;9962;23;9960;45;;;9979;23;9981;45;;;9970.5;0.0
3;88300;SNACKPACK_CHOCOLATE;9957;21;9955;40;;;9974;21;9976;40;;;9965.5;0.0
3;88400;SNACKPACK_CHOCOLATE;9961;38;9959;55;;;9978;38;9980;55;;;9969.5;0.0
3;88500;SNACKPACK_CHOCOLATE;9958;28;9956;45;;;9975;28;9977;45;;;9966.5;0.0
3;88600;SNACKPACK_CHOCOLATE;9952;33;9950;58;;;9969;33;9971;58;;;9960.5;0.0
3;88700;SNACKPACK_CHOCOLATE;9946;21;9944;54;;;9963;21;9965;54;;;9954.5;0.0
3;88800;SNACKPACK_CHOCOLATE;9948;39;9946;41;;;9965;39;9967;41;;;9956.5;0.0
3;88900;SNACKPACK_CHOCOLATE;9943;37;9942;42;;;9960;37;9962;42;;;9951.5;0.0
3;89000;SNACKPACK_CHOCOLATE;9938;31;9936;53;;;9954;31;9956;53;;;9946.0;0.0
3;89100;SNACKPACK_CHOCOLATE;9941;22;9939;52;;;9957;22;9959;52;;;9949.0;0.0
3;89200;SNACKPACK_CHOCOLATE;9934;40;9932;46;;;9951;40;9953;46;;;9942.5;0.0
3;89300;SNACKPACK_CHOCOLATE;9929;27;9927;44;;;9946;27;9948;44;;;9937.5;0.0
3;89400;SNACKPACK_CHOCOLATE;9917;20;9915;58;;;9934;20;9936;58;;;9925.5;0.0
3;89500;SNACKPACK_CHOCOLATE;9934;23;9932;51;;;9951;23;9953;51;;;9942.5;0.0
3;89600;SNACKPACK_CHOCOLATE;9931;40;9929;49;;;9948;40;9950;49;;;9939.5;0.0
3;89700;SNACKPACK_CHOCOLATE;9926;35;9924;58;;;9943;35;9945;58;;;9934.5;0.0
3;89800;SNACKPACK_CHOCOLATE;9932;4;9924;29;9922;55;9941;29;9943;55;;;9936.5;0.0
3;89900;SNACKPACK_CHOCOLATE;9928;30;9926;58;;;9945;30;9947;58;;;9936.5;0.0
3;90000;SNACKPACK_CHOCOLATE;9924;31;9922;58;;;9941;31;9943;58;;;9932.5;0.0
3;90100;SNACKPACK_CHOCOLATE;9936;20;9934;55;;;9953;20;9955;55;;;9944.5;0.0
3;90200;SNACKPACK_CHOCOLATE;9941;21;9939;47;;;9958;21;9960;47;;;9949.5;0.0
3;90300;SNACKPACK_CHOCOLATE;9948;21;9946;48;;;9965;21;9967;48;;;9956.5;0.0
3;90400;SNACKPACK_CHOCOLATE;9947;30;9945;53;;;9964;30;9966;53;;;9955.5;0.0
3;90500;SNACKPACK_CHOCOLATE;9942;29;9940;59;;;9959;29;9961;59;;;9950.5;0.0
3;90600;SNACKPACK_CHOCOLATE;9942;20;9940;42;;;9959;20;9961;42;;;9950.5;0.0
3;90700;SNACKPACK_CHOCOLATE;9938;30;9936;59;;;9955;30;9957;59;;;9946.5;0.0
3;90800;SNACKPACK_CHOCOLATE;9948;38;9946;48;;;9965;38;9967;48;;;9956.5;0.0
3;90900;SNACKPACK_CHOCOLATE;9947;20;9945;44;;;9964;20;9966;44;;;9955.5;0.0
3;91000;SNACKPACK_CHOCOLATE;9949;33;9947;40;;;9966;33;9968;40;;;9957.5;0.0
3;91100;SNACKPACK_CHOCOLATE;9949;23;9947;42;;;9966;23;9968;42;;;9957.5;0.0
3;91200;SNACKPACK_CHOCOLATE;9954;30;9952;55;;;9971;30;9973;55;;;9962.5;0.0
3;91300;SNACKPACK_CHOCOLATE;9951;36;9949;44;;;9968;36;9970;44;;;9959.5;0.0
3;91400;SNACKPACK_CHOCOLATE;9953;38;9951;44;;;9970;38;9972;44;;;9961.5;0.0
3;91500;SNACKPACK_CHOCOLATE;9957;21;9955;48;;;9974;21;9976;48;;;9965.5;0.0
3;91600;SNACKPACK_CHOCOLATE;9959;33;9957;40;;;9976;33;9978;40;;;9967.5;0.0
3;91700;SNACKPACK_CHOCOLATE;9968;31;9966;43;;;9985;31;9987;43;;;9976.5;0.0
3;91800;SNACKPACK_CHOCOLATE;9963;38;9961;54;;;9980;38;9982;54;;;9971.5;0.0
3;91900;SNACKPACK_CHOCOLATE;9968;29;9966;47;;;9985;29;9987;47;;;9976.5;0.0
3;92000;SNACKPACK_CHOCOLATE;9973;37;9971;56;;;9990;37;9992;56;;;9981.5;0.0
3;92100;SNACKPACK_CHOCOLATE;9981;35;9979;46;;;9998;35;10000;46;;;9989.5;0.0
3;92200;SNACKPACK_CHOCOLATE;9977;37;9975;57;;;9994;37;9996;57;;;9985.5;0.0
3;92300;SNACKPACK_CHOCOLATE;9984;24;9982;57;;;10001;24;10003;57;;;9992.5;0.0
3;92400;SNACKPACK_CHOCOLATE;9979;38;9977;55;;;9996;38;9998;55;;;9987.5;0.0
3;92500;SNACKPACK_CHOCOLATE;9966;32;9964;42;;;9983;32;9985;42;;;9974.5;0.0
3;92600;SNACKPACK_CHOCOLATE;9967;27;9965;57;;;9984;27;9986;57;;;9975.5;0.0
3;92700;SNACKPACK_CHOCOLATE;9965;21;9963;40;;;9982;21;9984;40;;;9973.5;0.0
3;92800;SNACKPACK_CHOCOLATE;9966;39;9964;59;;;9983;39;9985;59;;;9974.5;0.0
3;92900;SNACKPACK_CHOCOLATE;9964;39;9962;49;;;9981;39;9983;49;;;9972.5;0.0
3;93000;SNACKPACK_CHOCOLATE;9969;34;9967;52;;;9986;34;9988;52;;;9977.5;0.0
3;93100;SNACKPACK_CHOCOLATE;9965;34;9963;55;;;9982;34;9984;55;;;9973.5;0.0
3;93200;SNACKPACK_CHOCOLATE;9980;31;9978;43;;;9997;31;9999;43;;;9988.5;0.0
3;93300;SNACKPACK_CHOCOLATE;9973;21;9971;44;;;9990;21;9992;44;;;9981.5;0.0
3;93400;SNACKPACK_CHOCOLATE;9967;21;9965;48;;;9984;21;9986;48;;;9975.5;0.0
3;93500;SNACKPACK_CHOCOLATE;9963;37;9961;57;;;9980;37;9982;57;;;9971.5;0.0
3;93600;SNACKPACK_CHOCOLATE;9965;22;9963;53;;;9982;22;9984;53;;;9973.5;0.0
3;93700;SNACKPACK_CHOCOLATE;9964;37;9962;59;;;9981;37;9983;59;;;9972.5;0.0
3;93800;SNACKPACK_CHOCOLATE;9961;23;9959;47;;;9978;23;9980;47;;;9969.5;0.0
3;93900;SNACKPACK_CHOCOLATE;9953;32;9951;59;;;9970;32;9972;59;;;9961.5;0.0
3;94000;SNACKPACK_CHOCOLATE;9961;34;9959;45;;;9978;34;9980;45;;;9969.5;0.0
3;94100;SNACKPACK_CHOCOLATE;9959;30;9957;52;;;9976;30;9978;52;;;9967.5;0.0
3;94200;SNACKPACK_CHOCOLATE;9958;31;9956;52;;;9975;31;9977;52;;;9966.5;0.0
3;94300;SNACKPACK_CHOCOLATE;9964;30;9962;50;;;9981;30;9983;50;;;9972.5;0.0
3;94400;SNACKPACK_CHOCOLATE;9969;35;9967;52;;;9986;35;9988;52;;;9977.5;0.0
3;94500;SNACKPACK_CHOCOLATE;9965;30;9963;47;;;9982;30;9984;47;;;9973.5;0.0
3;94600;SNACKPACK_CHOCOLATE;9962;24;9960;45;;;9979;24;9981;45;;;9970.5;0.0
3;94700;SNACKPACK_CHOCOLATE;9977;31;9975;42;;;9994;31;9996;42;;;9985.5;0.0
3;94800;SNACKPACK_CHOCOLATE;9972;35;9970;49;;;9989;35;9991;49;;;9980.5;0.0
3;94900;SNACKPACK_CHOCOLATE;9965;23;9963;58;;;9982;23;9984;58;;;9973.5;0.0
3;95000;SNACKPACK_CHOCOLATE;9975;30;9973;46;;;9992;30;9994;46;;;9983.5;0.0
3;95100;SNACKPACK_CHOCOLATE;9968;31;9966;55;;;9985;31;9987;55;;;9976.5;0.0
3;95200;SNACKPACK_CHOCOLATE;9979;5;9971;33;9969;54;9988;33;9990;54;;;9983.5;0.0
3;95300;SNACKPACK_CHOCOLATE;9967;32;9965;58;;;9984;32;9986;58;;;9975.5;0.0
3;95400;SNACKPACK_CHOCOLATE;9975;40;9973;41;;;9992;40;9994;41;;;9983.5;0.0
3;95500;SNACKPACK_CHOCOLATE;9982;22;9980;49;;;9999;22;10001;49;;;9990.5;0.0
3;95600;SNACKPACK_CHOCOLATE;9978;25;9976;55;;;9995;25;9997;55;;;9986.5;0.0
3;95700;SNACKPACK_CHOCOLATE;9982;20;9980;58;;;9999;20;10001;58;;;9990.5;0.0
3;95800;SNACKPACK_CHOCOLATE;9977;23;9975;40;;;9994;23;9996;40;;;9985.5;0.0
3;95900;SNACKPACK_CHOCOLATE;9967;20;9965;57;;;9984;20;9986;57;;;9975.5;0.0
3;96000;SNACKPACK_CHOCOLATE;9971;20;9969;60;;;9988;20;9990;60;;;9979.5;0.0
3;96100;SNACKPACK_CHOCOLATE;9969;23;9967;49;;;9986;23;9988;49;;;9977.5;0.0
3;96200;SNACKPACK_CHOCOLATE;9973;35;9971;46;;;9990;35;9992;46;;;9981.5;0.0
3;96300;SNACKPACK_CHOCOLATE;9979;27;9977;45;;;9996;27;9998;45;;;9987.5;0.0
3;96400;SNACKPACK_CHOCOLATE;9972;31;9970;56;;;9989;31;9991;56;;;9980.5;0.0
3;96500;SNACKPACK_CHOCOLATE;9973;22;9971;56;;;9990;22;9992;56;;;9981.5;0.0
3;96600;SNACKPACK_CHOCOLATE;9977;35;9975;41;;;9993;35;9995;41;;;9985.0;0.0
3;96700;SNACKPACK_CHOCOLATE;9972;25;9970;54;;;9989;25;9991;54;;;9980.5;0.0
3;96800;SNACKPACK_CHOCOLATE;9974;34;9972;55;;;9991;34;9993;55;;;9982.5;0.0
3;96900;SNACKPACK_CHOCOLATE;9973;38;9971;42;;;9990;38;9992;42;;;9981.5;0.0
3;97000;SNACKPACK_CHOCOLATE;9982;32;9980;45;;;9999;32;10001;45;;;9990.5;0.0
3;97100;SNACKPACK_CHOCOLATE;9973;35;9971;49;;;9990;35;9992;49;;;9981.5;0.0
3;97200;SNACKPACK_CHOCOLATE;9977;32;9975;56;;;9994;32;9996;56;;;9985.5;0.0
3;97300;SNACKPACK_CHOCOLATE;9978;23;9976;44;;;9995;23;9997;44;;;9986.5;0.0
3;97400;SNACKPACK_CHOCOLATE;9984;36;9982;41;;;10000;36;10002;41;;;9992.0;0.0
3;97500;SNACKPACK_CHOCOLATE;9974;31;9972;53;;;9991;31;9993;53;;;9982.5;0.0
3;97600;SNACKPACK_CHOCOLATE;9967;31;9965;52;;;9984;31;9986;52;;;9975.5;0.0
3;97700;SNACKPACK_CHOCOLATE;9969;37;9967;59;;;9986;37;9988;59;;;9977.5;0.0
3;97800;SNACKPACK_CHOCOLATE;9981;34;9979;42;;;9998;34;10000;42;;;9989.5;0.0
3;97900;SNACKPACK_CHOCOLATE;9989;22;9987;52;;;10006;22;10008;52;;;9997.5;0.0
3;98000;SNACKPACK_CHOCOLATE;9987;40;9985;54;;;10004;40;10006;54;;;9995.5;0.0
3;98100;SNACKPACK_CHOCOLATE;9979;40;9977;40;;;9996;40;9998;40;;;9987.5;0.0
3;98200;SNACKPACK_CHOCOLATE;9983;21;9981;43;;;10000;21;10002;43;;;9991.5;0.0
3;98300;SNACKPACK_CHOCOLATE;9967;28;9965;49;;;9984;28;9986;49;;;9975.5;0.0
3;98400;SNACKPACK_CHOCOLATE;9963;31;9961;48;;;9980;31;9982;48;;;9971.5;0.0
3;98500;SNACKPACK_CHOCOLATE;9957;26;9955;57;;;9974;26;9976;57;;;9965.5;0.0
3;98600;SNACKPACK_CHOCOLATE;9957;39;9955;49;;;9974;39;9976;49;;;9965.5;0.0
3;98700;SNACKPACK_CHOCOLATE;9964;22;9962;57;;;9981;22;9983;57;;;9972.5;0.0
3;98800;SNACKPACK_CHOCOLATE;9963;38;9961;44;;;9979;38;9981;44;;;9971.0;0.0
3;98900;SNACKPACK_CHOCOLATE;9961;38;9959;48;;;9977;38;9979;48;;;9969.0;0.0
3;99000;SNACKPACK_CHOCOLATE;9964;21;9962;53;;;9981;21;9983;53;;;9972.5;0.0
3;99100;SNACKPACK_CHOCOLATE;9964;23;9962;42;;;9981;23;9983;42;;;9972.5;0.0
3;99200;SNACKPACK_CHOCOLATE;9966;39;9964;54;;;9983;39;9985;54;;;9974.5;0.0
3;99300;SNACKPACK_CHOCOLATE;9975;37;9973;45;;;9992;37;9994;45;;;9983.5;0.0
3;99400;SNACKPACK_CHOCOLATE;9972;25;9970;56;;;9989;25;9991;56;;;9980.5;0.0
3;99500;SNACKPACK_CHOCOLATE;9974;26;9972;56;;;9991;26;9993;56;;;9982.5;0.0
3;99600;SNACKPACK_CHOCOLATE;9963;35;9961;57;;;9980;35;9982;57;;;9971.5;0.0
3;99700;SNACKPACK_CHOCOLATE;9967;21;9965;53;;;9984;21;9986;53;;;9975.5;0.0
3;99800;SNACKPACK_CHOCOLATE;9957;30;9955;46;;;9974;30;9976;46;;;9965.5;0.0
3;99900;SNACKPACK_CHOCOLATE;9956;23;9954;46;;;9973;23;9975;46;;;9964.5;0.0
3;100000;SNACKPACK_CHOCOLATE;9958;32;9956;53;;;9975;32;9977;53;;;9966.5;0.0
3;100100;SNACKPACK_CHOCOLATE;9947;38;9945;41;;;9964;38;9966;41;;;9955.5;0.0
3;100200;SNACKPACK_CHOCOLATE;9947;30;9945;51;;;9964;30;9966;51;;;9955.5;0.0
3;100300;SNACKPACK_CHOCOLATE;9942;24;9940;56;;;9959;24;9961;56;;;9950.5;0.0
3;100400;SNACKPACK_CHOCOLATE;9928;27;9926;56;;;9945;27;9947;56;;;9936.5;0.0
3;100500;SNACKPACK_CHOCOLATE;9925;21;9923;45;;;9933;6;9942;21;9944;45;9929.0;0.0
3;100600;SNACKPACK_CHOCOLATE;9933;24;9931;44;;;9950;24;9952;44;;;9941.5;0.0
3;100700;SNACKPACK_CHOCOLATE;9945;34;9943;56;;;9962;34;9964;56;;;9953.5;0.0
3;100800;SNACKPACK_CHOCOLATE;9940;35;9938;56;;;9957;35;9959;56;;;9948.5;0.0
3;100900;SNACKPACK_CHOCOLATE;9947;30;9945;43;;;9964;30;9966;43;;;9955.5;0.0
3;101000;SNACKPACK_CHOCOLATE;9965;22;9963;50;;;9982;22;9984;50;;;9973.5;0.0
3;101100;SNACKPACK_CHOCOLATE;9950;28;9948;52;;;9967;28;9968;52;;;9958.5;0.0
3;101200;SNACKPACK_CHOCOLATE;9955;24;9953;52;;;9972;24;9974;52;;;9963.5;0.0
3;101300;SNACKPACK_CHOCOLATE;9952;32;9950;57;;;9969;32;9971;57;;;9960.5;0.0
3;101400;SNACKPACK_CHOCOLATE;9950;40;9948;57;;;9966;40;9968;57;;;9958.0;0.0
3;101500;SNACKPACK_CHOCOLATE;9947;29;9945;47;;;9963;29;9965;47;;;9955.0;0.0
3;101600;SNACKPACK_CHOCOLATE;9957;26;9955;44;;;9974;26;9976;44;;;9965.5;0.0
3;101700;SNACKPACK_CHOCOLATE;9956;28;9954;50;;;9973;28;9975;50;;;9964.5;0.0
3;101800;SNACKPACK_CHOCOLATE;9957;22;9955;50;;;9974;22;9976;50;;;9965.5;0.0
3;101900;SNACKPACK_CHOCOLATE;9957;28;9955;52;;;9974;28;9976;52;;;9965.5;0.0
3;102000;SNACKPACK_CHOCOLATE;9966;21;9964;43;;;9983;21;9985;43;;;9974.5;0.0
3;102100;SNACKPACK_CHOCOLATE;9973;32;9971;41;;;9990;32;9992;41;;;9981.5;0.0
3;102200;SNACKPACK_CHOCOLATE;9974;32;9972;43;;;9991;32;9993;43;;;9982.5;0.0
3;102300;SNACKPACK_CHOCOLATE;9968;27;9966;52;;;9985;27;9987;52;;;9976.5;0.0
3;102400;SNACKPACK_CHOCOLATE;9965;22;9963;59;;;9982;22;9984;59;;;9973.5;0.0
3;102500;SNACKPACK_CHOCOLATE;9960;32;9958;58;;;9977;32;9979;58;;;9968.5;0.0
3;102600;SNACKPACK_CHOCOLATE;9970;23;9968;57;;;9987;23;9989;57;;;9978.5;0.0
3;102700;SNACKPACK_CHOCOLATE;9962;20;9960;52;;;9979;20;9981;52;;;9970.5;0.0
3;102800;SNACKPACK_CHOCOLATE;9960;23;9958;51;;;9977;23;9979;51;;;9968.5;0.0
3;102900;SNACKPACK_CHOCOLATE;9955;38;9953;59;;;9972;38;9974;59;;;9963.5;0.0
3;103000;SNACKPACK_CHOCOLATE;9958;39;9956;45;;;9975;39;9977;45;;;9966.5;0.0
3;103100;SNACKPACK_CHOCOLATE;9963;23;9961;44;;;9980;23;9982;44;;;9971.5;0.0
3;103200;SNACKPACK_CHOCOLATE;9974;35;9972;58;;;9991;35;9993;58;;;9982.5;0.0
3;103300;SNACKPACK_CHOCOLATE;9966;40;9964;49;;;9983;40;9985;49;;;9974.5;0.0
3;103400;SNACKPACK_CHOCOLATE;9968;34;9966;55;;;9985;34;9987;55;;;9976.5;0.0
3;103500;SNACKPACK_CHOCOLATE;9971;25;9969;55;;;9988;25;9990;55;;;9979.5;0.0
3;103600;SNACKPACK_CHOCOLATE;9971;34;9969;47;;;9988;34;9990;47;;;9979.5;0.0
3;103700;SNACKPACK_CHOCOLATE;9973;33;9971;54;;;9990;33;9992;54;;;9981.5;0.0
3;103800;SNACKPACK_CHOCOLATE;9964;38;9962;54;;;9981;38;9983;54;;;9972.5;0.0
3;103900;SNACKPACK_CHOCOLATE;9967;39;9965;46;;;9983;39;9985;46;;;9975.0;0.0
3;104000;SNACKPACK_CHOCOLATE;9969;39;9967;43;;;9986;39;9988;43;;;9977.5;0.0
3;104100;SNACKPACK_CHOCOLATE;9964;36;9962;59;;;9981;36;9983;59;;;9972.5;0.0
3;104200;SNACKPACK_CHOCOLATE;9965;39;9963;48;;;9982;39;9984;48;;;9973.5;0.0
3;104300;SNACKPACK_CHOCOLATE;9953;36;9951;50;;;9970;36;9972;50;;;9961.5;0.0
3;104400;SNACKPACK_CHOCOLATE;9955;40;9953;60;;;9972;40;9974;60;;;9963.5;0.0
3;104500;SNACKPACK_CHOCOLATE;9962;21;9960;40;;;9979;21;9981;40;;;9970.5;0.0
3;104600;SNACKPACK_CHOCOLATE;9951;20;9949;54;;;9968;20;9970;54;;;9959.5;0.0
3;104700;SNACKPACK_CHOCOLATE;9953;33;9951;45;;;9970;33;9972;45;;;9961.5;0.0
3;104800;SNACKPACK_CHOCOLATE;9951;39;9949;60;;;9968;39;9970;60;;;9959.5;0.0
3;104900;SNACKPACK_CHOCOLATE;9944;35;9942;59;;;9960;35;9962;59;;;9952.0;0.0
3;105000;SNACKPACK_CHOCOLATE;9939;35;9937;45;;;9956;35;9958;45;;;9947.5;0.0
3;105100;SNACKPACK_CHOCOLATE;9940;38;9938;42;;;9957;38;9959;42;;;9948.5;0.0
3;105200;SNACKPACK_CHOCOLATE;9939;20;9937;53;;;9956;20;9958;53;;;9947.5;0.0
3;105300;SNACKPACK_CHOCOLATE;9940;31;9938;42;;;9957;31;9959;42;;;9948.5;0.0
3;105400;SNACKPACK_CHOCOLATE;9931;34;9929;46;;;9948;34;9950;46;;;9939.5;0.0
3;105500;SNACKPACK_CHOCOLATE;9926;33;9924;47;;;9943;33;9945;47;;;9934.5;0.0
3;105600;SNACKPACK_CHOCOLATE;9932;28;9930;41;;;9949;28;9951;41;;;9940.5;0.0
3;105700;SNACKPACK_CHOCOLATE;9933;29;9931;53;;;9950;29;9952;53;;;9941.5;0.0
3;105800;SNACKPACK_CHOCOLATE;9929;32;9927;50;;;9946;32;9948;50;;;9937.5;0.0
3;105900;SNACKPACK_CHOCOLATE;9935;35;9933;58;;;9952;35;9954;58;;;9943.5;0.0
3;106000;SNACKPACK_CHOCOLATE;9941;35;9939;53;;;9957;35;9959;53;;;9949.0;0.0
3;106100;SNACKPACK_CHOCOLATE;9949;33;9947;49;;;9966;33;9968;49;;;9957.5;0.0
3;106200;SNACKPACK_CHOCOLATE;9949;26;9947;60;;;9966;26;9968;60;;;9957.5;0.0
3;106300;SNACKPACK_CHOCOLATE;9943;40;9941;54;;;9960;40;9962;54;;;9951.5;0.0
3;106400;SNACKPACK_CHOCOLATE;9945;22;9943;54;;;9962;22;9964;54;;;9953.5;0.0
3;106500;SNACKPACK_CHOCOLATE;9954;37;9952;55;;;9971;37;9973;55;;;9962.5;0.0
3;106600;SNACKPACK_CHOCOLATE;9959;27;9957;49;;;9976;27;9978;49;;;9967.5;0.0
3;106700;SNACKPACK_CHOCOLATE;9955;25;9953;58;;;9972;25;9974;58;;;9963.5;0.0
3;106800;SNACKPACK_CHOCOLATE;9953;36;9951;40;;;9970;36;9972;40;;;9961.5;0.0
3;106900;SNACKPACK_CHOCOLATE;9944;34;9942;47;;;9961;34;9963;47;;;9952.5;0.0
3;107000;SNACKPACK_CHOCOLATE;9956;40;9954;47;;;9972;40;9974;47;;;9964.0;0.0
3;107100;SNACKPACK_CHOCOLATE;9951;31;9949;42;;;9968;31;9970;42;;;9959.5;0.0
3;107200;SNACKPACK_CHOCOLATE;9942;36;9940;47;;;9959;36;9961;47;;;9950.5;0.0
3;107300;SNACKPACK_CHOCOLATE;9945;33;9943;45;;;9961;33;9963;45;;;9953.0;0.0
3;107400;SNACKPACK_CHOCOLATE;9942;39;9940;52;;;9959;39;9961;52;;;9950.5;0.0
3;107500;SNACKPACK_CHOCOLATE;9939;20;9937;45;;;9955;20;9957;45;;;9947.0;0.0
3;107600;SNACKPACK_CHOCOLATE;9952;40;9950;55;;;9969;40;9971;55;;;9960.5;0.0
3;107700;SNACKPACK_CHOCOLATE;9938;25;9936;57;;;9955;25;9957;57;;;9946.5;0.0
3;107800;SNACKPACK_CHOCOLATE;9937;33;9935;44;;;9954;33;9956;44;;;9945.5;0.0
3;107900;SNACKPACK_CHOCOLATE;9928;30;9926;40;;;9944;30;9946;40;;;9936.0;0.0
3;108000;SNACKPACK_CHOCOLATE;9935;37;9933;58;;;9952;37;9954;58;;;9943.5;0.0
3;108100;SNACKPACK_CHOCOLATE;9934;38;9932;49;;;9951;38;9953;49;;;9942.5;0.0
3;108200;SNACKPACK_CHOCOLATE;9939;33;9937;49;;;9956;33;9958;49;;;9947.5;0.0
3;108300;SNACKPACK_CHOCOLATE;9943;37;9941;46;;;9959;37;9961;46;;;9951.0;0.0
3;108400;SNACKPACK_CHOCOLATE;9945;33;9943;49;;;9953;5;9962;33;9964;49;9949.0;0.0
3;108500;SNACKPACK_CHOCOLATE;9950;39;9948;57;;;9967;39;9969;57;;;9958.5;0.0
3;108600;SNACKPACK_CHOCOLATE;9950;38;9948;42;;;9967;38;9969;42;;;9958.5;0.0
3;108700;SNACKPACK_CHOCOLATE;9953;32;9951;50;;;9970;32;9972;50;;;9961.5;0.0
3;108800;SNACKPACK_CHOCOLATE;9959;23;9957;50;;;9976;23;9978;50;;;9967.5;0.0
3;108900;SNACKPACK_CHOCOLATE;9966;24;9964;48;;;9983;24;9985;48;;;9974.5;0.0
3;109000;SNACKPACK_CHOCOLATE;9958;25;9956;54;;;9975;25;9977;54;;;9966.5;0.0
3;109100;SNACKPACK_CHOCOLATE;9957;21;9955;48;;;9974;21;9976;48;;;9965.5;0.0
3;109200;SNACKPACK_CHOCOLATE;9962;33;9960;43;;;9979;33;9981;43;;;9970.5;0.0
3;109300;SNACKPACK_CHOCOLATE;9958;22;9956;52;;;9975;22;9977;52;;;9966.5;0.0
3;109400;SNACKPACK_CHOCOLATE;9968;20;9966;45;;;9985;20;9987;45;;;9976.5;0.0
3;109500;SNACKPACK_CHOCOLATE;9965;26;9963;57;;;9973;6;9982;26;9984;57;9969.0;0.0
3;109600;SNACKPACK_CHOCOLATE;9964;26;9962;59;;;9981;26;9983;59;;;9972.5;0.0
3;109700;SNACKPACK_CHOCOLATE;9955;32;9953;49;;;9972;32;9974;49;;;9963.5;0.0
3;109800;SNACKPACK_CHOCOLATE;9951;23;9949;48;;;9968;23;9970;48;;;9959.5;0.0
3;109900;SNACKPACK_CHOCOLATE;9949;38;9947;51;;;9966;38;9968;51;;;9957.5;0.0
3;110000;SNACKPACK_CHOCOLATE;9954;22;9952;45;;;9971;22;9973;45;;;9962.5;0.0
3;110100;SNACKPACK_CHOCOLATE;9963;32;9961;47;;;9980;32;9982;47;;;9971.5;0.0
3;110200;SNACKPACK_CHOCOLATE;9965;34;9963;60;;;9973;5;9982;34;9984;60;9969.0;0.0
3;110300;SNACKPACK_CHOCOLATE;9953;38;9951;59;;;9970;38;9972;59;;;9961.5;0.0
3;110400;SNACKPACK_CHOCOLATE;9943;21;9941;46;;;9960;21;9962;46;;;9951.5;0.0
3;110500;SNACKPACK_CHOCOLATE;9952;32;9950;59;;;9969;32;9971;59;;;9960.5;0.0
3;110600;SNACKPACK_CHOCOLATE;9950;25;9948;53;;;9967;25;9969;53;;;9958.5;0.0
3;110700;SNACKPACK_CHOCOLATE;9938;21;9936;56;;;9955;21;9957;56;;;9946.5;0.0
3;110800;SNACKPACK_CHOCOLATE;9932;32;9930;54;;;9949;32;9951;54;;;9940.5;0.0
3;110900;SNACKPACK_CHOCOLATE;9934;26;9932;50;;;9951;26;9953;50;;;9942.5;0.0
3;111000;SNACKPACK_CHOCOLATE;9944;32;9942;50;;;9961;32;9963;50;;;9952.5;0.0
3;111100;SNACKPACK_CHOCOLATE;9939;21;9937;40;;;9956;21;9958;40;;;9947.5;0.0
3;111200;SNACKPACK_CHOCOLATE;9945;28;9943;45;;;9962;28;9964;45;;;9953.5;0.0
3;111300;SNACKPACK_CHOCOLATE;9940;21;9938;52;;;9957;21;9959;52;;;9948.5;0.0
3;111400;SNACKPACK_CHOCOLATE;9951;37;9949;49;;;9968;37;9970;49;;;9959.5;0.0
3;111500;SNACKPACK_CHOCOLATE;9955;23;9953;47;;;9972;23;9974;47;;;9963.5;0.0
3;111600;SNACKPACK_CHOCOLATE;9961;31;9959;60;;;9977;31;9979;60;;;9969.0;0.0
3;111700;SNACKPACK_CHOCOLATE;9961;35;9959;44;;;9978;35;9980;44;;;9969.5;0.0
3;111800;SNACKPACK_CHOCOLATE;9964;36;9962;56;;;9981;36;9983;56;;;9972.5;0.0
3;111900;SNACKPACK_CHOCOLATE;9959;35;9957;48;;;9976;35;9978;48;;;9967.5;0.0
3;112000;SNACKPACK_CHOCOLATE;9963;31;9961;49;;;9980;31;9982;49;;;9971.5;0.0
3;112100;SNACKPACK_CHOCOLATE;9956;24;9954;51;;;9973;24;9975;51;;;9964.5;0.0
3;112200;SNACKPACK_CHOCOLATE;9956;25;9954;56;;;9973;25;9975;56;;;9964.5;0.0
3;112300;SNACKPACK_CHOCOLATE;9954;30;9952;52;;;9971;30;9973;52;;;9962.5;0.0
3;112400;SNACKPACK_CHOCOLATE;9963;4;9955;37;9953;44;9972;37;9974;44;;;9967.5;0.0
3;112500;SNACKPACK_CHOCOLATE;9961;27;9959;46;;;9978;27;9980;46;;;9969.5;0.0
3;112600;SNACKPACK_CHOCOLATE;9966;32;9964;40;;;9983;32;9985;40;;;9974.5;0.0
3;112700;SNACKPACK_CHOCOLATE;9964;24;9962;40;;;9981;24;9983;40;;;9972.5;0.0
3;112800;SNACKPACK_CHOCOLATE;9970;35;9968;48;;;9987;35;9989;48;;;9978.5;0.0
3;112900;SNACKPACK_CHOCOLATE;9975;31;9974;59;;;9992;31;9994;59;;;9983.5;0.0
3;113000;SNACKPACK_CHOCOLATE;9974;33;9972;45;;;9991;33;9993;45;;;9982.5;0.0
3;113100;SNACKPACK_CHOCOLATE;9965;30;9963;52;;;9982;30;9984;52;;;9973.5;0.0
3;113200;SNACKPACK_CHOCOLATE;9961;23;9959;41;;;9978;23;9980;41;;;9969.5;0.0
3;113300;SNACKPACK_CHOCOLATE;9957;23;9955;49;;;9974;23;9976;49;;;9965.5;0.0
3;113400;SNACKPACK_CHOCOLATE;9960;31;9958;47;;;9977;31;9979;47;;;9968.5;0.0
3;113500;SNACKPACK_CHOCOLATE;9963;34;9961;56;;;9980;34;9982;56;;;9971.5;0.0
3;113600;SNACKPACK_CHOCOLATE;9974;29;9972;43;;;9991;29;9993;43;;;9982.5;0.0
3;113700;SNACKPACK_CHOCOLATE;9968;32;9966;51;;;9985;32;9987;51;;;9976.5;0.0
3;113800;SNACKPACK_CHOCOLATE;9970;27;9968;40;;;9987;27;9989;40;;;9978.5;0.0
3;113900;SNACKPACK_CHOCOLATE;9963;20;9961;40;;;9980;20;9982;40;;;9971.5;0.0
3;114000;SNACKPACK_CHOCOLATE;9951;29;9949;51;;;9968;29;9970;51;;;9959.5;0.0
3;114100;SNACKPACK_CHOCOLATE;9948;38;9946;54;;;9965;38;9967;54;;;9956.5;0.0
3;114200;SNACKPACK_CHOCOLATE;9946;38;9944;58;;;9963;38;9965;58;;;9954.5;0.0
3;114300;SNACKPACK_CHOCOLATE;9943;29;9941;40;;;9960;29;9962;40;;;9951.5;0.0
3;114400;SNACKPACK_CHOCOLATE;9945;28;9943;51;;;9962;28;9964;51;;;9953.5;0.0
3;114500;SNACKPACK_CHOCOLATE;9941;27;9939;57;;;9958;27;9960;57;;;9949.5;0.0
3;114600;SNACKPACK_CHOCOLATE;9941;21;9939;54;;;9958;21;9960;54;;;9949.5;0.0
3;114700;SNACKPACK_CHOCOLATE;9940;23;9938;50;;;9957;23;9959;50;;;9948.5;0.0
3;114800;SNACKPACK_CHOCOLATE;9943;30;9941;50;;;9960;30;9962;50;;;9951.5;0.0
3;114900;SNACKPACK_CHOCOLATE;9950;29;9948;48;;;9966;29;9968;48;;;9958.0;0.0
3;115000;SNACKPACK_CHOCOLATE;9941;31;9939;56;;;9958;31;9960;56;;;9949.5;0.0
3;115100;SNACKPACK_CHOCOLATE;9944;20;9942;50;;;9961;20;9963;50;;;9952.5;0.0
3;115200;SNACKPACK_CHOCOLATE;9942;23;9940;45;;;9959;23;9961;45;;;9950.5;0.0
3;115300;SNACKPACK_CHOCOLATE;9945;30;9943;54;;;9962;30;9964;54;;;9953.5;0.0
3;115400;SNACKPACK_CHOCOLATE;9939;31;9937;60;;;9956;31;9958;60;;;9947.5;0.0
3;115500;SNACKPACK_CHOCOLATE;9940;24;9938;45;;;9957;24;9959;45;;;9948.5;0.0
3;115600;SNACKPACK_CHOCOLATE;9948;38;9946;42;;;9965;38;9967;42;;;9956.5;0.0
3;115700;SNACKPACK_CHOCOLATE;9939;34;9937;43;;;9956;34;9958;43;;;9947.5;0.0
3;115800;SNACKPACK_CHOCOLATE;9944;40;9942;44;;;9961;40;9963;44;;;9952.5;0.0
3;115900;SNACKPACK_CHOCOLATE;9953;36;9951;47;;;9970;36;9972;47;;;9961.5;0.0
3;116000;SNACKPACK_CHOCOLATE;9943;36;9941;44;;;9960;36;9962;44;;;9951.5;0.0
3;116100;SNACKPACK_CHOCOLATE;9926;21;9924;46;;;9943;21;9945;46;;;9934.5;0.0
3;116200;SNACKPACK_CHOCOLATE;9925;26;9923;48;;;9942;26;9944;48;;;9933.5;0.0
3;116300;SNACKPACK_CHOCOLATE;9928;21;9926;54;;;9944;21;9946;54;;;9936.0;0.0
3;116400;SNACKPACK_CHOCOLATE;9921;31;9919;58;;;9937;31;9939;58;;;9929.0;0.0
3;116500;SNACKPACK_CHOCOLATE;9913;26;9911;43;;;9930;26;9932;43;;;9921.5;0.0
3;116600;SNACKPACK_CHOCOLATE;9911;39;9909;56;;;9928;39;9930;56;;;9919.5;0.0
3;116700;SNACKPACK_CHOCOLATE;9913;28;9911;46;;;9929;28;9931;46;;;9921.0;0.0
3;116800;SNACKPACK_CHOCOLATE;9908;30;9906;55;;;9925;30;9927;55;;;9916.5;0.0
3;116900;SNACKPACK_CHOCOLATE;9892;27;9890;42;;;9909;27;9911;42;;;9900.5;0.0
3;117000;SNACKPACK_CHOCOLATE;9894;27;9892;50;;;9911;27;9913;50;;;9902.5;0.0
3;117100;SNACKPACK_CHOCOLATE;9897;21;9895;44;;;9914;21;9916;44;;;9905.5;0.0
3;117200;SNACKPACK_CHOCOLATE;9900;27;9898;42;;;9917;27;9919;42;;;9908.5;0.0
3;117300;SNACKPACK_CHOCOLATE;9898;31;9896;42;;;9915;31;9917;42;;;9906.5;0.0
3;117400;SNACKPACK_CHOCOLATE;9901;39;9899;50;;;9918;39;9920;50;;;9909.5;0.0
3;117500;SNACKPACK_CHOCOLATE;9902;22;9900;47;;;9918;22;9920;47;;;9910.0;0.0
3;117600;SNACKPACK_CHOCOLATE;9900;20;9898;46;;;9917;20;9919;46;;;9908.5;0.0
3;117700;SNACKPACK_CHOCOLATE;9888;40;9886;44;;;9905;40;9907;44;;;9896.5;0.0
3;117800;SNACKPACK_CHOCOLATE;9891;22;9889;41;;;9908;22;9910;41;;;9899.5;0.0
3;117900;SNACKPACK_CHOCOLATE;9893;37;9891;49;;;9910;37;9912;49;;;9901.5;0.0
3;118000;SNACKPACK_CHOCOLATE;9897;30;9895;59;;;9914;30;9916;59;;;9905.5;0.0
3;118100;SNACKPACK_CHOCOLATE;9899;39;9897;40;;;9915;39;9917;40;;;9907.0;0.0
3;118200;SNACKPACK_CHOCOLATE;9890;34;9888;46;;;9907;34;9909;46;;;9898.5;0.0
3;118300;SNACKPACK_CHOCOLATE;9880;26;9878;57;;;9897;26;9899;57;;;9888.5;0.0
3;118400;SNACKPACK_CHOCOLATE;9891;37;9889;57;;;9907;37;9909;57;;;9899.0;0.0
3;118500;SNACKPACK_CHOCOLATE;9898;5;9890;26;9888;47;9907;26;9909;47;;;9902.5;0.0
3;118600;SNACKPACK_CHOCOLATE;9897;37;9895;40;;;9914;37;9916;40;;;9905.5;0.0
3;118700;SNACKPACK_CHOCOLATE;9887;20;9885;41;;;9904;20;9906;41;;;9895.5;0.0
3;118800;SNACKPACK_CHOCOLATE;9888;28;9886;60;;;9905;28;9907;60;;;9896.5;0.0
3;118900;SNACKPACK_CHOCOLATE;9887;30;9885;54;;;9904;30;9906;54;;;9895.5;0.0
3;119000;SNACKPACK_CHOCOLATE;9892;27;9891;57;;;9900;6;9909;27;9911;57;9896.0;0.0
3;119100;SNACKPACK_CHOCOLATE;9893;39;9891;48;;;9910;39;9912;48;;;9901.5;0.0
3;119200;SNACKPACK_CHOCOLATE;9898;37;9896;44;;;9915;37;9917;44;;;9906.5;0.0
3;119300;SNACKPACK_CHOCOLATE;9893;31;9891;47;;;9910;31;9911;47;;;9901.5;0.0
3;119400;SNACKPACK_CHOCOLATE;9891;27;9890;46;;;9908;27;9910;46;;;9899.5;0.0
3;119500;SNACKPACK_CHOCOLATE;9899;24;9897;45;;;9916;24;9918;45;;;9907.5;0.0
3;119600;SNACKPACK_CHOCOLATE;9902;25;9900;60;;;9919;25;9921;60;;;9910.5;0.0
3;119700;SNACKPACK_CHOCOLATE;9900;20;9898;57;;;9917;20;9919;57;;;9908.5;0.0
3;119800;SNACKPACK_CHOCOLATE;9906;20;9904;43;;;9923;20;9925;43;;;9914.5;0.0
3;119900;SNACKPACK_CHOCOLATE;9902;32;9900;57;;;9910;2;9919;32;9921;57;9906.0;0.0
3;120000;SNACKPACK_CHOCOLATE;9894;32;9892;41;;;9910;32;9912;41;;;9902.0;0.0
3;120100;SNACKPACK_CHOCOLATE;9892;28;9890;41;;;9909;28;9911;41;;;9900.5;0.0
3;120200;SNACKPACK_CHOCOLATE;9898;23;9896;45;;;9915;23;9917;45;;;9906.5;0.0
3;120300;SNACKPACK_CHOCOLATE;9893;37;9891;42;;;9910;37;9912;42;;;9901.5;0.0
3;120400;SNACKPACK_CHOCOLATE;9893;34;9891;51;;;9910;34;9912;51;;;9901.5;0.0
3;120500;SNACKPACK_CHOCOLATE;9896;25;9894;43;;;9913;25;9915;43;;;9904.5;0.0
3;120600;SNACKPACK_CHOCOLATE;9897;28;9895;50;;;9914;28;9916;50;;;9905.5;0.0
3;120700;SNACKPACK_CHOCOLATE;9894;25;9892;60;;;9911;25;9913;60;;;9902.5;0.0
3;120800;SNACKPACK_CHOCOLATE;9897;39;9896;42;;;9914;39;9916;42;;;9905.5;0.0
3;120900;SNACKPACK_CHOCOLATE;9895;27;9893;55;;;9912;27;9914;55;;;9903.5;0.0
3;121000;SNACKPACK_CHOCOLATE;9905;39;9903;43;;;9922;39;9924;43;;;9913.5;0.0
3;121100;SNACKPACK_CHOCOLATE;9909;21;9907;48;;;9925;21;9927;48;;;9917.0;0.0
3;121200;SNACKPACK_CHOCOLATE;9909;28;9907;49;;;9926;28;9928;49;;;9917.5;0.0
3;121300;SNACKPACK_CHOCOLATE;9910;30;9908;45;;;9927;30;9929;45;;;9918.5;0.0
3;121400;SNACKPACK_CHOCOLATE;9904;29;9902;48;;;9921;29;9923;48;;;9912.5;0.0
3;121500;SNACKPACK_CHOCOLATE;9915;4;9907;27;9905;45;9924;27;9926;45;;;9919.5;0.0
3;121600;SNACKPACK_CHOCOLATE;9908;25;9906;50;;;9925;25;9927;50;;;9916.5;0.0
3;121700;SNACKPACK_CHOCOLATE;9910;29;9908;44;;;9927;29;9929;44;;;9918.5;0.0
3;121800;SNACKPACK_CHOCOLATE;9908;35;9906;58;;;9925;35;9926;58;;;9916.5;0.0
3;121900;SNACKPACK_CHOCOLATE;9904;35;9902;60;;;9921;35;9923;60;;;9912.5;0.0
3;122000;SNACKPACK_CHOCOLATE;9910;32;9908;44;;;9927;32;9929;44;;;9918.5;0.0
3;122100;SNACKPACK_CHOCOLATE;9910;35;9908;40;;;9926;35;9928;40;;;9918.0;0.0
3;122200;SNACKPACK_CHOCOLATE;9912;38;9910;44;;;9929;38;9931;44;;;9920.5;0.0
3;122300;SNACKPACK_CHOCOLATE;9919;27;9917;45;;;9936;27;9938;45;;;9927.5;0.0
3;122400;SNACKPACK_CHOCOLATE;9916;25;9914;60;;;9932;25;9934;60;;;9924.0;0.0
3;122500;SNACKPACK_CHOCOLATE;9915;28;9913;54;;;9932;28;9934;54;;;9923.5;0.0
3;122600;SNACKPACK_CHOCOLATE;9914;24;9912;52;;;9922;4;9931;24;9933;52;9918.0;0.0
3;122700;SNACKPACK_CHOCOLATE;9912;40;9910;60;;;9929;40;9931;60;;;9920.5;0.0
3;122800;SNACKPACK_CHOCOLATE;9914;36;9912;44;;;9931;36;9933;44;;;9922.5;0.0
3;122900;SNACKPACK_CHOCOLATE;9913;39;9911;51;;;9929;39;9931;51;;;9921.0;0.0
3;123000;SNACKPACK_CHOCOLATE;9903;22;9901;46;;;9920;22;9922;46;;;9911.5;0.0
3;123100;SNACKPACK_CHOCOLATE;9891;29;9889;60;;;9908;29;9910;60;;;9899.5;0.0
3;123200;SNACKPACK_CHOCOLATE;9888;26;9886;57;;;9904;26;9906;57;;;9896.0;0.0
3;123300;SNACKPACK_CHOCOLATE;9891;33;9889;51;;;9908;33;9910;51;;;9899.5;0.0
3;123400;SNACKPACK_CHOCOLATE;9891;29;9889;54;;;9908;29;9910;54;;;9899.5;0.0
3;123500;SNACKPACK_CHOCOLATE;9879;31;9877;54;;;9896;31;9898;54;;;9887.5;0.0
3;123600;SNACKPACK_CHOCOLATE;9876;22;9874;43;;;9893;22;9895;43;;;9884.5;0.0
3;123700;SNACKPACK_CHOCOLATE;9874;34;9872;60;;;9882;2;9891;34;9893;60;9878.0;0.0
3;123800;SNACKPACK_CHOCOLATE;9879;38;9877;60;;;9896;38;9898;60;;;9887.5;0.0
3;123900;SNACKPACK_CHOCOLATE;9875;26;9873;44;;;9892;26;9894;44;;;9883.5;0.0
3;124000;SNACKPACK_CHOCOLATE;9873;22;9871;55;;;9890;22;9892;55;;;9881.5;0.0
3;124100;SNACKPACK_CHOCOLATE;9869;28;9867;46;;;9886;28;9888;46;;;9877.5;0.0
3;124200;SNACKPACK_CHOCOLATE;9866;23;9864;49;;;9883;23;9885;49;;;9874.5;0.0
3;124300;SNACKPACK_CHOCOLATE;9869;32;9867;42;;;9886;32;9888;42;;;9877.5;0.0
3;124400;SNACKPACK_CHOCOLATE;9869;30;9867;56;;;9886;30;9888;56;;;9877.5;0.0
3;124500;SNACKPACK_CHOCOLATE;9873;38;9871;46;;;9890;38;9892;46;;;9881.5;0.0
3;124600;SNACKPACK_CHOCOLATE;9877;37;9875;59;;;9894;37;9896;59;;;9885.5;0.0
3;124700;SNACKPACK_CHOCOLATE;9879;23;9877;49;;;9895;23;9897;49;;;9887.0;0.0
3;124800;SNACKPACK_CHOCOLATE;9882;22;9880;51;;;9899;22;9901;51;;;9890.5;0.0
3;124900;SNACKPACK_CHOCOLATE;9880;32;9878;44;;;9896;32;9898;44;;;9888.0;0.0
3;125000;SNACKPACK_CHOCOLATE;9875;34;9873;43;;;9892;34;9893;43;;;9883.5;0.0
3;125100;SNACKPACK_CHOCOLATE;9875;35;9873;53;;;9891;35;9893;53;;;9883.0;0.0
3;125200;SNACKPACK_CHOCOLATE;9878;20;9876;48;;;9895;20;9897;48;;;9886.5;0.0
3;125300;SNACKPACK_CHOCOLATE;9888;4;9880;33;9878;40;9897;33;9899;40;;;9892.5;0.0
3;125400;SNACKPACK_CHOCOLATE;9881;22;9879;60;;;9898;22;9900;60;;;9889.5;0.0
3;125500;SNACKPACK_CHOCOLATE;9895;27;9893;42;;;9912;27;9914;42;;;9903.5;0.0
3;125600;SNACKPACK_CHOCOLATE;9895;24;9893;56;;;9912;24;9914;56;;;9903.5;0.0
3;125700;SNACKPACK_CHOCOLATE;9903;34;9901;54;;;9919;34;9921;54;;;9911.0;0.0
3;125800;SNACKPACK_CHOCOLATE;9900;36;9898;46;;;9917;36;9919;46;;;9908.5;0.0
3;125900;SNACKPACK_CHOCOLATE;9904;34;9902;57;;;9921;34;9923;57;;;9912.5;0.0
3;126000;SNACKPACK_CHOCOLATE;9906;37;9904;53;;;9923;37;9925;53;;;9914.5;0.0
3;126100;SNACKPACK_CHOCOLATE;9902;33;9900;41;;;9919;33;9921;41;;;9910.5;0.0
3;126200;SNACKPACK_CHOCOLATE;9908;26;9906;48;;;9925;26;9927;48;;;9916.5;0.0
3;126300;SNACKPACK_CHOCOLATE;9914;37;9912;58;;;9931;37;9933;58;;;9922.5;0.0
3;126400;SNACKPACK_CHOCOLATE;9901;35;9899;47;;;9918;35;9920;47;;;9909.5;0.0
3;126500;SNACKPACK_CHOCOLATE;9891;34;9889;50;;;9907;34;9909;50;;;9899.0;0.0
3;126600;SNACKPACK_CHOCOLATE;9896;37;9894;43;;;9903;6;9912;37;9914;43;9899.5;0.0
3;126700;SNACKPACK_CHOCOLATE;9907;29;9905;40;;;9924;29;9926;40;;;9915.5;0.0
3;126800;SNACKPACK_CHOCOLATE;9917;38;9915;54;;;9934;38;9936;54;;;9925.5;0.0
3;126900;SNACKPACK_CHOCOLATE;9918;22;9916;47;;;9935;22;9937;47;;;9926.5;0.0
3;127000;SNACKPACK_CHOCOLATE;9922;23;9920;55;;;9939;23;9941;55;;;9930.5;0.0
3;127100;SNACKPACK_CHOCOLATE;9922;34;9920;56;;;9939;34;9941;56;;;9930.5;0.0
3;127200;SNACKPACK_CHOCOLATE;9922;32;9920;41;;;9939;32;9941;41;;;9930.5;0.0
3;127300;SNACKPACK_CHOCOLATE;9930;31;9928;43;;;9947;31;9949;43;;;9938.5;0.0
3;127400;SNACKPACK_CHOCOLATE;9928;35;9926;40;;;9944;35;9946;40;;;9936.0;0.0
3;127500;SNACKPACK_CHOCOLATE;9921;37;9919;41;;;9938;37;9940;41;;;9929.5;0.0
3;127600;SNACKPACK_CHOCOLATE;9921;32;9919;54;;;9938;32;9940;54;;;9929.5;0.0
3;127700;SNACKPACK_CHOCOLATE;9930;26;9928;55;;;9947;26;9949;55;;;9938.5;0.0
3;127800;SNACKPACK_CHOCOLATE;9935;27;9933;40;;;9952;27;9954;40;;;9943.5;0.0
3;127900;SNACKPACK_CHOCOLATE;9930;31;9928;47;;;9947;31;9949;47;;;9938.5;0.0
3;128000;SNACKPACK_CHOCOLATE;9921;30;9919;48;;;9938;30;9940;48;;;9929.5;0.0
3;128100;SNACKPACK_CHOCOLATE;9913;26;9911;52;;;9930;26;9932;52;;;9921.5;0.0
3;128200;SNACKPACK_CHOCOLATE;9928;2;9920;29;9918;53;9937;29;9939;53;;;9932.5;0.0
3;128300;SNACKPACK_CHOCOLATE;9921;23;9919;46;;;9938;23;9940;46;;;9929.5;0.0
3;128400;SNACKPACK_CHOCOLATE;9925;38;9923;45;;;9942;38;9944;45;;;9933.5;0.0
3;128500;SNACKPACK_CHOCOLATE;9921;33;9919;53;;;9938;33;9940;53;;;9929.5;0.0
3;128600;SNACKPACK_CHOCOLATE;9924;35;9922;46;;;9941;35;9943;46;;;9932.5;0.0
3;128700;SNACKPACK_CHOCOLATE;9924;36;9922;53;;;9941;36;9943;53;;;9932.5;0.0
3;128800;SNACKPACK_CHOCOLATE;9918;23;9916;51;;;9935;23;9937;51;;;9926.5;0.0
