day;timestamp;product;bid_price_1;bid_volume_1;bid_price_2;bid_volume_2;bid_price_3;bid_volume_3;ask_price_1;ask_volume_1;ask_price_2;ask_volume_2;ask_price_3;ask_volume_3;mid_price;profit_and_loss
3;0;SNACKPACK_STRAWBERRY;10429;21;10427;52;;;10446;21;10448;52;;;10437.5;0.0
3;100;SNACKPACK_STRAWBERRY;10427;28;10425;48;;;10445;28;10447;48;;;10436.0;0.0
3;200;SNACKPACK_STRAWBERRY;10421;21;10419;55;;;10439;21;10441;55;;;10430.0;0.0
3;300;SNACKPACK_STRAWBERRY;10423;33;10421;44;;;10441;33;10443;44;;;10432.0;0.0
3;400;SNACKPACK_STRAWBERRY;10417;40;10415;47;;;10435;40;10437;47;;;10426.0;0.0
3;500;SNACKPACK_STRAWBERRY;10401;36;10399;49;;;10419;36;10421;49;;;10410.0;0.0
3;600;SNACKPACK_STRAWBERRY;10398;29;10396;43;;;10416;29;10418;43;;;10407.0;0.0
3;700;SNACKPACK_STRAWBERRY;10391;24;10389;50;;;10409;24;10411;50;;;10400.0;0.0
3;800;SNACKPACK_STRAWBERRY;10390;36;10388;48;;;10407;36;10410;48;;;10398.5;0.0
3;900;SNACKPACK_STRAWBERRY;10388;35;10386;60;;;10406;35;10408;60;;;10397.0;0.0
3;1000;SNACKPACK_STRAWBERRY;10408;28;10406;46;;;10426;28;10428;46;;;10417.0;0.0
3;1100;SNACKPACK_STRAWBERRY;10421;34;10419;52;;;10439;34;10441;52;;;10430.0;0.0
3;1200;SNACKPACK_STRAWBERRY;10425;33;10422;51;;;10442;33;10444;51;;;10433.5;0.0
3;1300;SNACKPACK_STRAWBERRY;10429;32;10427;56;;;10447;32;10449;56;;;10438.0;0.0
3;1400;SNACKPACK_STRAWBERRY;10431;30;10429;59;;;10449;30;10451;59;;;10440.0;0.0
3;1500;SNACKPACK_STRAWBERRY;10435;34;10433;50;;;10453;34;10455;50;;;10444.0;0.0
3;1600;SNACKPACK_STRAWBERRY;10450;33;10448;45;;;10468;33;10470;45;;;10459.0;0.0
3;1700;SNACKPACK_STRAWBERRY;10464;37;10462;58;;;10482;37;10484;58;;;10473.0;0.0
3;1800;SNACKPACK_STRAWBERRY;10466;22;10464;42;;;10484;22;10486;42;;;10475.0;0.0
3;1900;SNACKPACK_STRAWBERRY;10464;27;10462;43;;;10482;27;10484;43;;;10473.0;0.0
3;2000;SNACKPACK_STRAWBERRY;10457;29;10455;55;;;10474;29;10476;55;;;10465.5;0.0
3;2100;SNACKPACK_STRAWBERRY;10457;38;10455;41;;;10475;38;10477;41;;;10466.0;0.0
3;2200;SNACKPACK_STRAWBERRY;10452;39;10450;60;;;10470;39;10472;60;;;10461.0;0.0
3;2300;SNACKPACK_STRAWBERRY;10456;31;10454;54;;;10474;31;10476;54;;;10465.0;0.0
3;2400;SNACKPACK_STRAWBERRY;10461;26;10458;50;;;10478;26;10480;50;;;10469.5;0.0
3;2500;SNACKPACK_STRAWBERRY;10465;36;10463;48;;;10483;36;10485;48;;;10474.0;0.0
3;2600;SNACKPACK_STRAWBERRY;10480;38;10478;49;;;10498;38;10500;49;;;10489.0;0.0
3;2700;SNACKPACK_STRAWBERRY;10491;24;10489;55;;;10509;24;10511;55;;;10500.0;0.0
3;2800;SNACKPACK_STRAWBERRY;10484;26;10482;47;;;10502;26;10504;47;;;10493.0;0.0
3;2900;SNACKPACK_STRAWBERRY;10486;30;10484;57;;;10504;30;10506;57;;;10495.0;0.0
3;3000;SNACKPACK_STRAWBERRY;10497;39;10495;48;;;10515;39;10517;48;;;10506.0;0.0
3;3100;SNACKPACK_STRAWBERRY;10499;38;10496;50;;;10516;38;10518;50;;;10507.5;0.0
3;3200;SNACKPACK_STRAWBERRY;10503;24;10501;42;;;10521;24;10523;42;;;10512.0;0.0
3;3300;SNACKPACK_STRAWBERRY;10502;36;10500;56;;;10520;36;10522;56;;;10511.0;0.0
3;3400;SNACKPACK_STRAWBERRY;10507;23;10505;52;;;10525;23;10527;52;;;10516.0;0.0
3;3500;SNACKPACK_STRAWBERRY;10511;39;10509;57;;;10529;39;10531;57;;;10520.0;0.0
3;3600;SNACKPACK_STRAWBERRY;10505;30;10503;43;;;10523;30;10525;43;;;10514.0;0.0
3;3700;SNACKPACK_STRAWBERRY;10505;22;10503;48;;;10523;22;10525;48;;;10514.0;0.0
3;3800;SNACKPACK_STRAWBERRY;10502;22;10500;53;;;10520;22;10522;53;;;10511.0;0.0
3;3900;SNACKPACK_STRAWBERRY;10485;21;10483;47;;;10503;21;10505;47;;;10494.0;0.0
3;4000;SNACKPACK_STRAWBERRY;10481;28;10479;53;;;10499;28;10501;53;;;10490.0;0.0
3;4100;SNACKPACK_STRAWBERRY;10484;22;10482;43;;;10502;22;10504;43;;;10493.0;0.0
3;4200;SNACKPACK_STRAWBERRY;10484;27;10481;45;;;10501;27;10503;45;;;10492.5;0.0
3;4300;SNACKPACK_STRAWBERRY;10475;33;10473;54;;;10493;33;10495;54;;;10484.0;0.0
3;4400;SNACKPACK_STRAWBERRY;10485;6;10477;26;10475;53;10495;26;10497;53;;;10490.0;0.0
3;4500;SNACKPACK_STRAWBERRY;10481;38;10479;49;;;10489;3;10499;38;10501;49;10485.0;0.0
3;4600;SNACKPACK_STRAWBERRY;10481;29;10479;55;;;10499;29;10501;55;;;10490.0;0.0
3;4700;SNACKPACK_STRAWBERRY;10497;40;10495;60;;;10515;40;10517;60;;;10506.0;0.0
3;4800;SNACKPACK_STRAWBERRY;10494;32;10492;52;;;10512;32;10514;52;;;10503.0;0.0
3;4900;SNACKPACK_STRAWBERRY;10499;27;10497;60;;;10517;27;10519;60;;;10508.0;0.0
3;5000;SNACKPACK_STRAWBERRY;10498;26;10496;58;;;10516;26;10518;58;;;10507.0;0.0
3;5100;SNACKPACK_STRAWBERRY;10499;25;10497;42;;;10517;25;10519;42;;;10508.0;0.0
3;5200;SNACKPACK_STRAWBERRY;10493;40;10490;53;;;10510;40;10512;53;;;10501.5;0.0
3;5300;SNACKPACK_STRAWBERRY;10507;21;10505;59;;;10525;21;10527;59;;;10516.0;0.0
3;5400;SNACKPACK_STRAWBERRY;10510;28;10507;53;;;10527;28;10529;53;;;10518.5;0.0
3;5500;SNACKPACK_STRAWBERRY;10514;20;10512;60;;;10532;20;10534;60;;;10523.0;0.0
3;5600;SNACKPACK_STRAWBERRY;10516;26;10514;56;;;10534;26;10536;56;;;10525.0;0.0
3;5700;SNACKPACK_STRAWBERRY;10503;26;10501;59;;;10521;26;10523;59;;;10512.0;0.0
3;5800;SNACKPACK_STRAWBERRY;10500;27;10498;41;;;10518;27;10520;41;;;10509.0;0.0
3;5900;SNACKPACK_STRAWBERRY;10498;21;10496;54;;;10516;21;10518;54;;;10507.0;0.0
3;6000;SNACKPACK_STRAWBERRY;10502;20;10500;49;;;10520;20;10522;49;;;10511.0;0.0
3;6100;SNACKPACK_STRAWBERRY;10520;23;10518;47;;;10538;23;10540;47;;;10529.0;0.0
3;6200;SNACKPACK_STRAWBERRY;10520;34;10517;57;;;10537;34;10539;57;;;10528.5;0.0
3;6300;SNACKPACK_STRAWBERRY;10501;37;10499;47;;;10519;37;10521;47;;;10510.0;0.0
3;6400;SNACKPACK_STRAWBERRY;10511;31;10509;53;;;10529;31;10531;53;;;10520.0;0.0
3;6500;SNACKPACK_STRAWBERRY;10510;38;10508;57;;;10528;38;10530;57;;;10519.0;0.0
3;6600;SNACKPACK_STRAWBERRY;10513;40;10511;53;;;10531;40;10533;53;;;10522.0;0.0
3;6700;SNACKPACK_STRAWBERRY;10524;36;10522;58;;;10541;36;10544;58;;;10532.5;0.0
3;6800;SNACKPACK_STRAWBERRY;10524;27;10522;52;;;10542;27;10544;52;;;10533.0;0.0
3;6900;SNACKPACK_STRAWBERRY;10536;26;10534;44;;;10554;26;10556;44;;;10545.0;0.0
3;7000;SNACKPACK_STRAWBERRY;10543;30;10541;54;;;10561;30;10563;54;;;10552.0;0.0
3;7100;SNACKPACK_STRAWBERRY;10535;21;10533;43;;;10553;21;10555;43;;;10544.0;0.0
3;7200;SNACKPACK_STRAWBERRY;10543;25;10541;53;;;10561;25;10563;53;;;10552.0;0.0
3;7300;SNACKPACK_STRAWBERRY;10544;22;10542;43;;;10562;22;10564;43;;;10553.0;0.0
3;7400;SNACKPACK_STRAWBERRY;10532;22;10529;54;;;10549;22;10552;54;;;10540.5;0.0
3;7500;SNACKPACK_STRAWBERRY;10535;35;10533;50;;;10553;35;10555;50;;;10544.0;0.0
3;7600;SNACKPACK_STRAWBERRY;10539;35;10536;47;;;10556;35;10559;47;;;10547.5;0.0
3;7700;SNACKPACK_STRAWBERRY;10551;25;10549;59;;;10569;25;10571;59;;;10560.0;0.0
3;7800;SNACKPACK_STRAWBERRY;10562;24;10560;46;;;10580;24;10582;46;;;10571.0;0.0
3;7900;SNACKPACK_STRAWBERRY;10549;38;10547;45;;;10567;38;10569;45;;;10558.0;0.0
3;8000;SNACKPACK_STRAWBERRY;10541;26;10539;48;;;10559;26;10561;48;;;10550.0;0.0
3;8100;SNACKPACK_STRAWBERRY;10542;20;10540;54;;;10551;5;10560;20;10562;54;10546.5;0.0
3;8200;SNACKPACK_STRAWBERRY;10525;38;10523;58;;;10543;38;10545;58;;;10534.0;0.0
3;8300;SNACKPACK_STRAWBERRY;10534;29;10531;46;;;10551;29;10553;46;;;10542.5;0.0
3;8400;SNACKPACK_STRAWBERRY;10529;24;10527;54;;;10547;24;10549;54;;;10538.0;0.0
3;8500;SNACKPACK_STRAWBERRY;10525;38;10523;52;;;10543;38;10545;52;;;10534.0;0.0
3;8600;SNACKPACK_STRAWBERRY;10535;39;10533;45;;;10553;39;10555;45;;;10544.0;0.0
3;8700;SNACKPACK_STRAWBERRY;10534;35;10532;44;;;10552;35;10554;44;;;10543.0;0.0
3;8800;SNACKPACK_STRAWBERRY;10519;23;10517;53;;;10537;23;10539;53;;;10528.0;0.0
3;8900;SNACKPACK_STRAWBERRY;10515;38;10513;59;;;10533;38;10535;59;;;10524.0;0.0
3;9000;SNACKPACK_STRAWBERRY;10504;30;10502;42;;;10521;30;10524;42;;;10512.5;0.0
3;9100;SNACKPACK_STRAWBERRY;10504;37;10502;60;;;10522;37;10524;60;;;10513.0;0.0
3;9200;SNACKPACK_STRAWBERRY;10502;30;10500;50;;;10520;30;10522;50;;;10511.0;0.0
3;9300;SNACKPACK_STRAWBERRY;10512;31;10510;43;;;10530;31;10532;43;;;10521.0;0.0
3;9400;SNACKPACK_STRAWBERRY;10521;34;10519;58;;;10538;34;10541;58;;;10529.5;0.0
3;9500;SNACKPACK_STRAWBERRY;10521;39;10519;52;;;10539;39;10541;52;;;10530.0;0.0
3;9600;SNACKPACK_STRAWBERRY;10531;29;10529;48;;;10549;29;10551;48;;;10540.0;0.0
3;9700;SNACKPACK_STRAWBERRY;10526;27;10524;52;;;10544;27;10546;52;;;10535.0;0.0
3;9800;SNACKPACK_STRAWBERRY;10525;33;10523;54;;;10543;33;10545;54;;;10534.0;0.0
3;9900;SNACKPACK_STRAWBERRY;10526;25;10524;51;;;10544;25;10546;51;;;10535.0;0.0
3;10000;SNACKPACK_STRAWBERRY;10523;34;10520;44;;;10540;34;10542;44;;;10531.5;0.0
3;10100;SNACKPACK_STRAWBERRY;10511;29;10509;47;;;10528;29;10531;47;;;10519.5;0.0
3;10200;SNACKPACK_STRAWBERRY;10496;33;10494;55;;;10514;33;10516;55;;;10505.0;0.0
3;10300;SNACKPACK_STRAWBERRY;10496;26;10494;56;;;10514;26;10516;56;;;10505.0;0.0
3;10400;SNACKPACK_STRAWBERRY;10487;34;10485;41;;;10505;34;10507;41;;;10496.0;0.0
3;10500;SNACKPACK_STRAWBERRY;10489;24;10487;45;;;10507;24;10509;45;;;10498.0;0.0
3;10600;SNACKPACK_STRAWBERRY;10501;36;10499;53;;;10519;36;10521;53;;;10510.0;0.0
3;10700;SNACKPACK_STRAWBERRY;10510;22;10508;54;;;10527;22;10530;54;;;10518.5;0.0
3;10800;SNACKPACK_STRAWBERRY;10516;37;10514;44;;;10534;37;10536;44;;;10525.0;0.0
3;10900;SNACKPACK_STRAWBERRY;10508;36;10505;46;;;10525;36;10528;46;;;10516.5;0.0
3;11000;SNACKPACK_STRAWBERRY;10500;30;10498;40;;;10518;30;10520;40;;;10509.0;0.0
3;11100;SNACKPACK_STRAWBERRY;10503;33;10501;48;;;10521;33;10523;48;;;10512.0;0.0
3;11200;SNACKPACK_STRAWBERRY;10497;27;10495;49;;;10514;27;10517;49;;;10505.5;0.0
3;11300;SNACKPACK_STRAWBERRY;10493;30;10491;56;;;10511;30;10513;56;;;10502.0;0.0
3;11400;SNACKPACK_STRAWBERRY;10492;20;10490;47;;;10510;20;10512;47;;;10501.0;0.0
3;11500;SNACKPACK_STRAWBERRY;10489;21;10487;47;;;10507;21;10509;47;;;10498.0;0.0
3;11600;SNACKPACK_STRAWBERRY;10504;28;10501;60;;;10521;28;10523;60;;;10512.5;0.0
3;11700;SNACKPACK_STRAWBERRY;10512;22;10510;57;;;10530;22;10532;57;;;10521.0;0.0
3;11800;SNACKPACK_STRAWBERRY;10511;33;10509;58;;;10529;33;10531;58;;;10520.0;0.0
3;11900;SNACKPACK_STRAWBERRY;10505;40;10503;44;;;10523;40;10525;44;;;10514.0;0.0
3;12000;SNACKPACK_STRAWBERRY;10505;32;10503;45;;;10523;32;10525;45;;;10514.0;0.0
3;12100;SNACKPACK_STRAWBERRY;10508;36;10506;50;;;10526;36;10528;50;;;10517.0;0.0
3;12200;SNACKPACK_STRAWBERRY;10505;26;10503;47;;;10523;26;10525;47;;;10514.0;0.0
3;12300;SNACKPACK_STRAWBERRY;10501;21;10498;43;;;10518;21;10520;43;;;10509.5;0.0
3;12400;SNACKPACK_STRAWBERRY;10486;31;10484;47;;;10503;31;10506;47;;;10494.5;0.0
3;12500;SNACKPACK_STRAWBERRY;10495;38;10493;52;;;10513;38;10515;52;;;10504.0;0.0
3;12600;SNACKPACK_STRAWBERRY;10498;30;10496;56;;;10516;30;10518;56;;;10507.0;0.0
3;12700;SNACKPACK_STRAWBERRY;10511;32;10509;43;;;10529;32;10531;43;;;10520.0;0.0
3;12800;SNACKPACK_STRAWBERRY;10511;27;10509;43;;;10529;27;10531;43;;;10520.0;0.0
3;12900;SNACKPACK_STRAWBERRY;10519;23;10517;52;;;10537;23;10539;52;;;10528.0;0.0
3;13000;SNACKPACK_STRAWBERRY;10515;20;10513;45;;;10533;20;10535;45;;;10524.0;0.0
3;13100;SNACKPACK_STRAWBERRY;10524;39;10522;56;;;10542;39;10544;56;;;10533.0;0.0
3;13200;SNACKPACK_STRAWBERRY;10527;29;10525;54;;;10545;29;10547;54;;;10536.0;0.0
3;13300;SNACKPACK_STRAWBERRY;10517;38;10515;46;;;10535;38;10537;46;;;10526.0;0.0
3;13400;SNACKPACK_STRAWBERRY;10515;20;10513;40;;;10533;20;10535;40;;;10524.0;0.0
3;13500;SNACKPACK_STRAWBERRY;10517;21;10515;40;;;10534;21;10537;40;;;10525.5;0.0
3;13600;SNACKPACK_STRAWBERRY;10521;29;10518;60;;;10538;29;10541;60;;;10529.5;0.0
3;13700;SNACKPACK_STRAWBERRY;10524;29;10522;51;;;10542;29;10544;51;;;10533.0;0.0
3;13800;SNACKPACK_STRAWBERRY;10522;33;10520;57;;;10540;33;10542;57;;;10531.0;0.0
3;13900;SNACKPACK_STRAWBERRY;10522;40;10519;60;;;10539;40;10541;60;;;10530.5;0.0
3;14000;SNACKPACK_STRAWBERRY;10515;34;10513;49;;;10533;34;10535;49;;;10524.0;0.0
3;14100;SNACKPACK_STRAWBERRY;10499;37;10497;40;;;10517;37;10519;40;;;10508.0;0.0
3;14200;SNACKPACK_STRAWBERRY;10516;26;10514;58;;;10534;26;10536;58;;;10525.0;0.0
3;14300;SNACKPACK_STRAWBERRY;10505;24;10503;53;;;10523;24;10525;53;;;10514.0;0.0
3;14400;SNACKPACK_STRAWBERRY;10508;21;10506;53;;;10526;21;10528;53;;;10517.0;0.0
3;14500;SNACKPACK_STRAWBERRY;10503;40;10501;42;;;10521;40;10523;42;;;10512.0;0.0
3;14600;SNACKPACK_STRAWBERRY;10500;25;10498;56;;;10517;25;10520;56;;;10508.5;0.0
3;14700;SNACKPACK_STRAWBERRY;10499;36;10497;55;;;10517;36;10519;55;;;10508.0;0.0
3;14800;SNACKPACK_STRAWBERRY;10496;35;10494;57;;;10514;35;10516;57;;;10505.0;0.0
3;14900;SNACKPACK_STRAWBERRY;10492;23;10490;48;;;10509;23;10512;48;;;10500.5;0.0
3;15000;SNACKPACK_STRAWBERRY;10504;34;10502;42;;;10522;34;10524;42;;;10513.0;0.0
3;15100;SNACKPACK_STRAWBERRY;10511;29;10508;44;;;10528;29;10531;44;;;10519.5;0.0
3;15200;SNACKPACK_STRAWBERRY;10496;21;10494;52;;;10514;21;10516;52;;;10505.0;0.0
3;15300;SNACKPACK_STRAWBERRY;10491;27;10489;43;;;10509;27;10511;43;;;10500.0;0.0
3;15400;SNACKPACK_STRAWBERRY;10489;40;10487;45;;;10507;40;10509;45;;;10498.0;0.0
3;15500;SNACKPACK_STRAWBERRY;10487;36;10485;59;;;10505;36;10507;59;;;10496.0;0.0
3;15600;SNACKPACK_STRAWBERRY;10481;38;10479;55;;;10499;38;10501;55;;;10490.0;0.0
3;15700;SNACKPACK_STRAWBERRY;10487;38;10485;45;;;10505;38;10507;45;;;10496.0;0.0
3;15800;SNACKPACK_STRAWBERRY;10495;29;10493;45;;;10513;29;10515;45;;;10504.0;0.0
3;15900;SNACKPACK_STRAWBERRY;10505;31;10503;44;;;10523;31;10525;44;;;10514.0;0.0
3;16000;SNACKPACK_STRAWBERRY;10519;33;10517;51;;;10537;33;10539;51;;;10528.0;0.0
3;16100;SNACKPACK_STRAWBERRY;10511;28;10509;49;;;10529;28;10531;49;;;10520.0;0.0
3;16200;SNACKPACK_STRAWBERRY;10510;26;10508;52;;;10528;26;10530;52;;;10519.0;0.0
3;16300;SNACKPACK_STRAWBERRY;10507;25;10505;55;;;10524;25;10527;55;;;10515.5;0.0
3;16400;SNACKPACK_STRAWBERRY;10508;32;10505;40;;;10525;32;10527;40;;;10516.5;0.0
3;16500;SNACKPACK_STRAWBERRY;10495;33;10493;60;;;10513;33;10515;60;;;10504.0;0.0
3;16600;SNACKPACK_STRAWBERRY;10499;30;10497;43;;;10517;30;10519;43;;;10508.0;0.0
3;16700;SNACKPACK_STRAWBERRY;10488;23;10486;52;;;10506;23;10508;52;;;10497.0;0.0
3;16800;SNACKPACK_STRAWBERRY;10489;37;10487;55;;;10507;37;10509;55;;;10498.0;0.0
3;16900;SNACKPACK_STRAWBERRY;10498;27;10495;52;;;10515;27;10517;52;;;10506.5;0.0
3;17000;SNACKPACK_STRAWBERRY;10495;38;10493;47;;;10513;38;10515;47;;;10504.0;0.0
3;17100;SNACKPACK_STRAWBERRY;10490;32;10488;40;;;10508;32;10510;40;;;10499.0;0.0
3;17200;SNACKPACK_STRAWBERRY;10492;24;10490;42;;;10510;24;10512;42;;;10501.0;0.0
3;17300;SNACKPACK_STRAWBERRY;10483;20;10481;58;;;10501;20;10503;58;;;10492.0;0.0
3;17400;SNACKPACK_STRAWBERRY;10483;32;10481;59;;;10500;32;10503;59;;;10491.5;0.0
3;17500;SNACKPACK_STRAWBERRY;10487;33;10485;55;;;10505;33;10507;55;;;10496.0;0.0
3;17600;SNACKPACK_STRAWBERRY;10485;28;10483;51;;;10503;28;10505;51;;;10494.0;0.0
3;17700;SNACKPACK_STRAWBERRY;10480;29;10477;54;;;10497;29;10499;54;;;10488.5;0.0
3;17800;SNACKPACK_STRAWBERRY;10478;32;10475;48;;;10495;32;10497;48;;;10486.5;0.0
3;17900;SNACKPACK_STRAWBERRY;10482;34;10480;60;;;10500;34;10502;60;;;10491.0;0.0
3;18000;SNACKPACK_STRAWBERRY;10488;34;10486;45;;;10506;34;10508;45;;;10497.0;0.0
3;18100;SNACKPACK_STRAWBERRY;10481;20;10479;54;;;10499;20;10501;54;;;10490.0;0.0
3;18200;SNACKPACK_STRAWBERRY;10478;30;10476;49;;;10496;30;10498;49;;;10487.0;0.0
3;18300;SNACKPACK_STRAWBERRY;10482;23;10479;41;;;10499;23;10501;41;;;10490.5;0.0
3;18400;SNACKPACK_STRAWBERRY;10492;38;10490;53;;;10510;38;10512;53;;;10501.0;0.0
3;18500;SNACKPACK_STRAWBERRY;10490;35;10488;54;;;10508;35;10510;54;;;10499.0;0.0
3;18600;SNACKPACK_STRAWBERRY;10500;29;10498;60;;;10518;29;10520;60;;;10509.0;0.0
3;18700;SNACKPACK_STRAWBERRY;10515;20;10513;50;;;10523;2;10533;20;10535;50;10519.0;0.0
3;18800;SNACKPACK_STRAWBERRY;10511;36;10509;59;;;10528;36;10531;59;;;10519.5;0.0
3;18900;SNACKPACK_STRAWBERRY;10511;20;10509;47;;;10529;20;10531;47;;;10520.0;0.0
3;19000;SNACKPACK_STRAWBERRY;10509;21;10507;55;;;10527;21;10529;55;;;10518.0;0.0
3;19100;SNACKPACK_STRAWBERRY;10493;30;10491;57;;;10511;30;10513;57;;;10502.0;0.0
3;19200;SNACKPACK_STRAWBERRY;10489;4;10480;40;10478;40;10498;40;10500;40;;;10493.5;0.0
3;19300;SNACKPACK_STRAWBERRY;10484;37;10482;54;;;10502;37;10504;54;;;10493.0;0.0
3;19400;SNACKPACK_STRAWBERRY;10482;30;10480;42;;;10500;30;10502;42;;;10491.0;0.0
3;19500;SNACKPACK_STRAWBERRY;10493;2;10485;40;10483;56;10502;40;10505;56;;;10497.5;0.0
3;19600;SNACKPACK_STRAWBERRY;10492;34;10490;46;;;10509;34;10512;46;;;10500.5;0.0
3;19700;SNACKPACK_STRAWBERRY;10505;37;10503;51;;;10523;37;10525;51;;;10514.0;0.0
3;19800;SNACKPACK_STRAWBERRY;10496;27;10494;47;;;10514;27;10516;47;;;10505.0;0.0
3;19900;SNACKPACK_STRAWBERRY;10507;27;10505;60;;;10525;27;10527;60;;;10516.0;0.0
3;20000;SNACKPACK_STRAWBERRY;10514;34;10512;44;;;10532;34;10534;44;;;10523.0;0.0
3;20100;SNACKPACK_STRAWBERRY;10528;31;10526;54;;;10546;31;10548;54;;;10537.0;0.0
3;20200;SNACKPACK_STRAWBERRY;10518;39;10516;60;;;10536;39;10538;60;;;10527.0;0.0
3;20300;SNACKPACK_STRAWBERRY;10521;28;10519;51;;;10539;28;10541;51;;;10530.0;0.0
3;20400;SNACKPACK_STRAWBERRY;10523;24;10521;56;;;10541;24;10543;56;;;10532.0;0.0
3;20500;SNACKPACK_STRAWBERRY;10524;20;10522;54;;;10541;20;10544;54;;;10532.5;0.0
3;20600;SNACKPACK_STRAWBERRY;10513;20;10511;40;;;10531;20;10533;40;;;10522.0;0.0
3;20700;SNACKPACK_STRAWBERRY;10510;32;10508;58;;;10527;32;10530;58;;;10518.5;0.0
3;20800;SNACKPACK_STRAWBERRY;10515;39;10513;40;;;10533;39;10535;40;;;10524.0;0.0
3;20900;SNACKPACK_STRAWBERRY;10508;26;10506;60;;;10525;26;10528;60;;;10516.5;0.0
3;21000;SNACKPACK_STRAWBERRY;10495;40;10493;47;;;10513;40;10515;47;;;10504.0;0.0
3;21100;SNACKPACK_STRAWBERRY;10505;39;10503;59;;;10523;39;10525;59;;;10514.0;0.0
3;21200;SNACKPACK_STRAWBERRY;10501;35;10499;57;;;10519;35;10521;57;;;10510.0;0.0
3;21300;SNACKPACK_STRAWBERRY;10494;29;10492;43;;;10512;29;10514;43;;;10503.0;0.0
3;21400;SNACKPACK_STRAWBERRY;10496;29;10494;49;;;10514;29;10516;49;;;10505.0;0.0
3;21500;SNACKPACK_STRAWBERRY;10497;28;10495;47;;;10515;28;10517;47;;;10506.0;0.0
3;21600;SNACKPACK_STRAWBERRY;10505;24;10503;46;;;10523;24;10525;46;;;10514.0;0.0
3;21700;SNACKPACK_STRAWBERRY;10511;34;10509;41;;;10529;34;10531;41;;;10520.0;0.0
3;21800;SNACKPACK_STRAWBERRY;10516;34;10514;59;;;10534;34;10536;59;;;10525.0;0.0
3;21900;SNACKPACK_STRAWBERRY;10516;33;10513;58;;;10533;33;10535;58;;;10524.5;0.0
3;22000;SNACKPACK_STRAWBERRY;10520;25;10517;50;;;10537;25;10539;50;;;10528.5;0.0
3;22100;SNACKPACK_STRAWBERRY;10517;22;10514;47;;;10534;22;10536;47;;;10525.5;0.0
3;22200;SNACKPACK_STRAWBERRY;10531;29;10529;40;;;10549;29;10551;40;;;10540.0;0.0
3;22300;SNACKPACK_STRAWBERRY;10545;4;10537;30;10535;50;10555;30;10557;50;;;10550.0;0.0
3;22400;SNACKPACK_STRAWBERRY;10530;20;10528;51;;;10548;20;10550;51;;;10539.0;0.0
3;22500;SNACKPACK_STRAWBERRY;10545;6;10536;34;10534;50;10554;34;10556;50;;;10549.5;0.0
3;22600;SNACKPACK_STRAWBERRY;10526;37;10524;40;;;10544;37;10546;40;;;10535.0;0.0
3;22700;SNACKPACK_STRAWBERRY;10533;28;10531;43;;;10551;28;10553;43;;;10542.0;0.0
3;22800;SNACKPACK_STRAWBERRY;10526;27;10523;42;;;10543;27;10546;42;;;10534.5;0.0
3;22900;SNACKPACK_STRAWBERRY;10533;34;10531;58;;;10550;34;10553;58;;;10541.5;0.0
3;23000;SNACKPACK_STRAWBERRY;10520;26;10518;47;;;10538;26;10540;47;;;10529.0;0.0
3;23100;SNACKPACK_STRAWBERRY;10517;33;10515;57;;;10535;33;10537;57;;;10526.0;0.0
3;23200;SNACKPACK_STRAWBERRY;10515;31;10513;55;;;10533;31;10535;55;;;10524.0;0.0
3;23300;SNACKPACK_STRAWBERRY;10509;24;10507;54;;;10526;24;10529;54;;;10517.5;0.0
3;23400;SNACKPACK_STRAWBERRY;10500;24;10498;40;;;10518;24;10520;40;;;10509.0;0.0
3;23500;SNACKPACK_STRAWBERRY;10499;30;10497;45;;;10517;30;10519;45;;;10508.0;0.0
3;23600;SNACKPACK_STRAWBERRY;10489;28;10487;47;;;10507;28;10509;47;;;10498.0;0.0
3;23700;SNACKPACK_STRAWBERRY;10492;32;10490;58;;;10510;32;10512;58;;;10501.0;0.0
3;23800;SNACKPACK_STRAWBERRY;10484;34;10481;47;;;10501;34;10503;47;;;10492.5;0.0
3;23900;SNACKPACK_STRAWBERRY;10489;21;10487;58;;;10497;2;10507;21;10509;58;10493.0;0.0
3;24000;SNACKPACK_STRAWBERRY;10481;27;10479;57;;;10499;27;10501;57;;;10490.0;0.0
3;24100;SNACKPACK_STRAWBERRY;10481;22;10479;55;;;10499;22;10501;55;;;10490.0;0.0
3;24200;SNACKPACK_STRAWBERRY;10479;35;10476;46;;;10496;35;10498;46;;;10487.5;0.0
3;24300;SNACKPACK_STRAWBERRY;10487;30;10485;52;;;10505;30;10507;52;;;10496.0;0.0
3;24400;SNACKPACK_STRAWBERRY;10475;37;10473;47;;;10492;37;10495;47;;;10483.5;0.0
3;24500;SNACKPACK_STRAWBERRY;10474;36;10472;52;;;10482;5;10491;36;10493;52;10478.0;0.0
3;24600;SNACKPACK_STRAWBERRY;10480;32;10478;51;;;10498;32;10500;51;;;10489.0;0.0
3;24700;SNACKPACK_STRAWBERRY;10494;30;10492;56;;;10511;30;10514;56;;;10502.5;0.0
3;24800;SNACKPACK_STRAWBERRY;10494;30;10492;54;;;10512;30;10514;54;;;10503.0;0.0
3;24900;SNACKPACK_STRAWBERRY;10487;22;10485;54;;;10504;22;10507;54;;;10495.5;0.0
3;25000;SNACKPACK_STRAWBERRY;10494;24;10492;47;;;10512;24;10514;47;;;10503.0;0.0
3;25100;SNACKPACK_STRAWBERRY;10506;34;10504;42;;;10523;34;10526;42;;;10514.5;0.0
3;25200;SNACKPACK_STRAWBERRY;10522;24;10520;58;;;10540;24;10542;58;;;10531.0;0.0
3;25300;SNACKPACK_STRAWBERRY;10531;38;10529;57;;;10549;38;10551;57;;;10540.0;0.0
3;25400;SNACKPACK_STRAWBERRY;10521;36;10519;43;;;10539;36;10541;43;;;10530.0;0.0
3;25500;SNACKPACK_STRAWBERRY;10511;31;10509;41;;;10529;31;10531;41;;;10520.0;0.0
3;25600;SNACKPACK_STRAWBERRY;10496;40;10494;54;;;10504;3;10513;40;10516;54;10500.0;0.0
3;25700;SNACKPACK_STRAWBERRY;10507;38;10505;57;;;10525;38;10527;57;;;10516.0;0.0
3;25800;SNACKPACK_STRAWBERRY;10488;39;10486;58;;;10506;39;10508;58;;;10497.0;0.0
3;25900;SNACKPACK_STRAWBERRY;10481;26;10479;57;;;10499;26;10501;57;;;10490.0;0.0
3;26000;SNACKPACK_STRAWBERRY;10485;37;10483;51;;;10503;37;10505;51;;;10494.0;0.0
3;26100;SNACKPACK_STRAWBERRY;10458;24;10456;43;;;10475;24;10478;43;;;10466.5;0.0
3;26200;SNACKPACK_STRAWBERRY;10462;39;10459;57;;;10479;39;10481;57;;;10470.5;0.0
3;26300;SNACKPACK_STRAWBERRY;10474;26;10472;44;;;10492;26;10494;44;;;10483.0;0.0
3;26400;SNACKPACK_STRAWBERRY;10457;32;10455;52;;;10475;32;10477;52;;;10466.0;0.0
3;26500;SNACKPACK_STRAWBERRY;10462;20;10460;59;;;10479;20;10482;59;;;10470.5;0.0
3;26600;SNACKPACK_STRAWBERRY;10455;40;10453;57;;;10473;40;10475;57;;;10464.0;0.0
3;26700;SNACKPACK_STRAWBERRY;10455;33;10453;57;;;10472;33;10475;57;;;10463.5;0.0
3;26800;SNACKPACK_STRAWBERRY;10451;24;10449;48;;;10469;24;10471;48;;;10460.0;0.0
3;26900;SNACKPACK_STRAWBERRY;10438;39;10436;41;;;10456;39;10458;41;;;10447.0;0.0
3;27000;SNACKPACK_STRAWBERRY;10434;21;10432;54;;;10452;21;10454;54;;;10443.0;0.0
3;27100;SNACKPACK_STRAWBERRY;10432;27;10429;42;;;10449;27;10451;42;;;10440.5;0.0
3;27200;SNACKPACK_STRAWBERRY;10424;38;10422;40;;;10442;38;10444;40;;;10433.0;0.0
3;27300;SNACKPACK_STRAWBERRY;10413;26;10411;47;;;10431;26;10433;47;;;10422.0;0.0
3;27400;SNACKPACK_STRAWBERRY;10425;36;10423;52;;;10443;36;10445;52;;;10434.0;0.0
3;27500;SNACKPACK_STRAWBERRY;10431;35;10429;48;;;10449;35;10451;48;;;10440.0;0.0
3;27600;SNACKPACK_STRAWBERRY;10431;39;10429;45;;;10449;39;10451;45;;;10440.0;0.0
3;27700;SNACKPACK_STRAWBERRY;10425;28;10423;46;;;10443;28;10445;46;;;10434.0;0.0
3;27800;SNACKPACK_STRAWBERRY;10423;35;10420;51;;;10440;35;10442;51;;;10431.5;0.0
3;27900;SNACKPACK_STRAWBERRY;10428;26;10426;46;;;10445;26;10447;46;;;10436.5;0.0
3;28000;SNACKPACK_STRAWBERRY;10425;32;10423;44;;;10443;32;10445;44;;;10434.0;0.0
3;28100;SNACKPACK_STRAWBERRY;10422;38;10420;55;;;10440;38;10442;55;;;10431.0;0.0
3;28200;SNACKPACK_STRAWBERRY;10429;36;10427;51;;;10446;36;10448;51;;;10437.5;0.0
3;28300;SNACKPACK_STRAWBERRY;10436;23;10434;54;;;10453;23;10455;54;;;10444.5;0.0
3;28400;SNACKPACK_STRAWBERRY;10453;3;10444;40;10442;40;10462;40;10464;40;;;10457.5;0.0
3;28500;SNACKPACK_STRAWBERRY;10450;28;10447;40;;;10467;28;10469;40;;;10458.5;0.0
3;28600;SNACKPACK_STRAWBERRY;10445;38;10443;48;;;10463;38;10465;48;;;10454.0;0.0
3;28700;SNACKPACK_STRAWBERRY;10438;22;10436;40;;;10455;22;10458;40;;;10446.5;0.0
3;28800;SNACKPACK_STRAWBERRY;10432;35;10430;57;;;10450;35;10452;57;;;10441.0;0.0
3;28900;SNACKPACK_STRAWBERRY;10442;27;10440;44;;;10460;27;10462;44;;;10451.0;0.0
3;29000;SNACKPACK_STRAWBERRY;10453;20;10451;50;;;10471;20;10473;50;;;10462.0;0.0
3;29100;SNACKPACK_STRAWBERRY;10466;23;10463;54;;;10483;23;10485;54;;;10474.5;0.0
3;29200;SNACKPACK_STRAWBERRY;10461;24;10459;52;;;10479;24;10481;52;;;10470.0;0.0
3;29300;SNACKPACK_STRAWBERRY;10471;38;10468;50;;;10488;38;10490;50;;;10479.5;0.0
3;29400;SNACKPACK_STRAWBERRY;10479;30;10477;51;;;10497;30;10499;51;;;10488.0;0.0
3;29500;SNACKPACK_STRAWBERRY;10481;30;10479;43;;;10499;30;10501;43;;;10490.0;0.0
3;29600;SNACKPACK_STRAWBERRY;10479;24;10477;42;;;10496;24;10498;42;;;10487.5;0.0
3;29700;SNACKPACK_STRAWBERRY;10468;33;10466;40;;;10486;33;10488;40;;;10477.0;0.0
3;29800;SNACKPACK_STRAWBERRY;10471;21;10469;53;;;10489;21;10491;53;;;10480.0;0.0
3;29900;SNACKPACK_STRAWBERRY;10473;27;10470;48;;;10490;27;10492;48;;;10481.5;0.0
3;30000;SNACKPACK_STRAWBERRY;10465;39;10463;46;;;10483;39;10485;46;;;10474.0;0.0
3;30100;SNACKPACK_STRAWBERRY;10463;25;10461;51;;;10481;25;10483;51;;;10472.0;0.0
3;30200;SNACKPACK_STRAWBERRY;10450;20;10448;59;;;10467;20;10470;59;;;10458.5;0.0
3;30300;SNACKPACK_STRAWBERRY;10456;38;10454;60;;;10474;38;10476;60;;;10465.0;0.0
3;30400;SNACKPACK_STRAWBERRY;10445;27;10443;49;;;10463;27;10465;49;;;10454.0;0.0
3;30500;SNACKPACK_STRAWBERRY;10452;26;10450;42;;;10470;26;10472;42;;;10461.0;0.0
3;30600;SNACKPACK_STRAWBERRY;10446;30;10444;45;;;10464;30;10466;45;;;10455.0;0.0
3;30700;SNACKPACK_STRAWBERRY;10445;20;10443;49;;;10463;20;10465;49;;;10454.0;0.0
3;30800;SNACKPACK_STRAWBERRY;10457;35;10455;57;;;10475;35;10477;57;;;10466.0;0.0
3;30900;SNACKPACK_STRAWBERRY;10457;23;10454;46;;;10474;23;10476;46;;;10465.5;0.0
3;31000;SNACKPACK_STRAWBERRY;10452;33;10450;53;;;10470;33;10472;53;;;10461.0;0.0
3;31100;SNACKPACK_STRAWBERRY;10449;24;10447;60;;;10466;24;10469;60;;;10457.5;0.0
3;31200;SNACKPACK_STRAWBERRY;10445;25;10443;49;;;10462;25;10464;49;;;10453.5;0.0
3;31300;SNACKPACK_STRAWBERRY;10454;24;10452;48;;;10462;3;10472;24;10474;48;10458.0;0.0
3;31400;SNACKPACK_STRAWBERRY;10455;21;10452;42;;;10472;21;10474;42;;;10463.5;0.0
3;31500;SNACKPACK_STRAWBERRY;10453;33;10451;53;;;10471;33;10473;53;;;10462.0;0.0
3;31600;SNACKPACK_STRAWBERRY;10440;33;10438;56;;;10457;33;10459;56;;;10448.5;0.0
3;31700;SNACKPACK_STRAWBERRY;10422;36;10419;50;;;10439;36;10441;50;;;10430.5;0.0
3;31800;SNACKPACK_STRAWBERRY;10429;37;10427;50;;;10447;37;10449;50;;;10438.0;0.0
3;31900;SNACKPACK_STRAWBERRY;10427;33;10425;46;;;10445;33;10447;46;;;10436.0;0.0
3;32000;SNACKPACK_STRAWBERRY;10424;39;10422;59;;;10442;39;10444;59;;;10433.0;0.0
3;32100;SNACKPACK_STRAWBERRY;10430;38;10427;47;;;10447;38;10449;47;;;10438.5;0.0
3;32200;SNACKPACK_STRAWBERRY;10423;23;10421;59;;;10441;23;10443;59;;;10432.0;0.0
3;32300;SNACKPACK_STRAWBERRY;10431;37;10429;60;;;10449;37;10451;60;;;10440.0;0.0
3;32400;SNACKPACK_STRAWBERRY;10440;22;10438;54;;;10458;22;10460;54;;;10449.0;0.0
3;32500;SNACKPACK_STRAWBERRY;10448;29;10446;52;;;10466;29;10468;52;;;10457.0;0.0
3;32600;SNACKPACK_STRAWBERRY;10451;38;10449;53;;;10468;38;10470;53;;;10459.5;0.0
3;32700;SNACKPACK_STRAWBERRY;10446;27;10444;49;;;10464;27;10466;49;;;10455.0;0.0
3;32800;SNACKPACK_STRAWBERRY;10449;36;10447;57;;;10467;36;10469;57;;;10458.0;0.0
3;32900;SNACKPACK_STRAWBERRY;10435;38;10433;45;;;10452;38;10454;45;;;10443.5;0.0
3;33000;SNACKPACK_STRAWBERRY;10444;39;10442;44;;;10461;39;10463;44;;;10452.5;0.0
3;33100;SNACKPACK_STRAWBERRY;10447;30;10445;60;;;10464;30;10467;60;;;10455.5;0.0
3;33200;SNACKPACK_STRAWBERRY;10459;35;10457;58;;;10477;35;10479;58;;;10468.0;0.0
3;33300;SNACKPACK_STRAWBERRY;10455;32;10452;40;;;10472;32;10474;40;;;10463.5;0.0
3;33400;SNACKPACK_STRAWBERRY;10446;22;10444;45;;;10464;22;10466;45;;;10455.0;0.0
3;33500;SNACKPACK_STRAWBERRY;10460;32;10458;48;;;10478;32;10480;48;;;10469.0;0.0
3;33600;SNACKPACK_STRAWBERRY;10471;20;10469;48;;;10489;20;10491;48;;;10480.0;0.0
3;33700;SNACKPACK_STRAWBERRY;10439;23;10437;52;;;10457;23;10459;52;;;10448.0;0.0
3;33800;SNACKPACK_STRAWBERRY;10445;32;10443;58;;;10463;32;10465;58;;;10454.0;0.0
3;33900;SNACKPACK_STRAWBERRY;10452;30;10450;40;;;10461;3;10470;30;10472;40;10456.5;0.0
3;34000;SNACKPACK_STRAWBERRY;10443;33;10441;47;;;10460;33;10463;47;;;10451.5;0.0
3;34100;SNACKPACK_STRAWBERRY;10450;40;10448;43;;;10468;40;10470;43;;;10459.0;0.0
3;34200;SNACKPACK_STRAWBERRY;10462;6;10453;25;10451;57;10471;25;10473;57;;;10466.5;0.0
3;34300;SNACKPACK_STRAWBERRY;10467;24;10465;50;;;10485;24;10487;50;;;10476.0;0.0
3;34400;SNACKPACK_STRAWBERRY;10474;27;10472;47;;;10492;27;10494;47;;;10483.0;0.0
3;34500;SNACKPACK_STRAWBERRY;10477;40;10475;59;;;10495;40;10497;59;;;10486.0;0.0
3;34600;SNACKPACK_STRAWBERRY;10485;21;10483;60;;;10503;21;10505;60;;;10494.0;0.0
3;34700;SNACKPACK_STRAWBERRY;10486;20;10484;54;;;10504;20;10506;54;;;10495.0;0.0
3;34800;SNACKPACK_STRAWBERRY;10475;20;10473;43;;;10493;20;10495;43;;;10484.0;0.0
3;34900;SNACKPACK_STRAWBERRY;10480;20;10478;60;;;10498;20;10500;60;;;10489.0;0.0
3;35000;SNACKPACK_STRAWBERRY;10470;39;10468;58;;;10487;39;10489;58;;;10478.5;0.0
3;35100;SNACKPACK_STRAWBERRY;10476;22;10474;41;;;10484;2;10494;22;10496;41;10480.0;0.0
3;35200;SNACKPACK_STRAWBERRY;10489;36;10487;48;;;10507;36;10509;48;;;10498.0;0.0
3;35300;SNACKPACK_STRAWBERRY;10491;32;10489;59;;;10509;32;10511;59;;;10500.0;0.0
3;35400;SNACKPACK_STRAWBERRY;10491;30;10488;58;;;10508;30;10510;58;;;10499.5;0.0
3;35500;SNACKPACK_STRAWBERRY;10499;21;10497;40;;;10507;5;10517;21;10519;40;10503.0;0.0
3;35600;SNACKPACK_STRAWBERRY;10488;24;10486;45;;;10506;24;10508;45;;;10497.0;0.0
3;35700;SNACKPACK_STRAWBERRY;10476;32;10474;55;;;10494;32;10496;55;;;10485.0;0.0
3;35800;SNACKPACK_STRAWBERRY;10477;28;10475;52;;;10495;28;10497;52;;;10486.0;0.0
3;35900;SNACKPACK_STRAWBERRY;10468;39;10466;44;;;10486;39;10488;44;;;10477.0;0.0
3;36000;SNACKPACK_STRAWBERRY;10471;21;10469;40;;;10488;21;10491;40;;;10479.5;0.0
3;36100;SNACKPACK_STRAWBERRY;10474;40;10472;47;;;10492;40;10494;47;;;10483.0;0.0
3;36200;SNACKPACK_STRAWBERRY;10464;29;10462;45;;;10482;29;10484;45;;;10473.0;0.0
3;36300;SNACKPACK_STRAWBERRY;10468;30;10465;49;;;10485;30;10487;49;;;10476.5;0.0
3;36400;SNACKPACK_STRAWBERRY;10460;34;10458;46;;;10478;34;10480;46;;;10469.0;0.0
3;36500;SNACKPACK_STRAWBERRY;10461;39;10459;56;;;10479;39;10481;56;;;10470.0;0.0
3;36600;SNACKPACK_STRAWBERRY;10452;24;10450;48;;;10469;24;10472;48;;;10460.5;0.0
3;36700;SNACKPACK_STRAWBERRY;10449;33;10447;56;;;10466;33;10469;56;;;10457.5;0.0
3;36800;SNACKPACK_STRAWBERRY;10445;32;10443;46;;;10463;32;10465;46;;;10454.0;0.0
3;36900;SNACKPACK_STRAWBERRY;10454;27;10452;48;;;10472;27;10474;48;;;10463.0;0.0
3;37000;SNACKPACK_STRAWBERRY;10461;39;10458;47;;;10478;39;10480;47;;;10469.5;0.0
3;37100;SNACKPACK_STRAWBERRY;10459;22;10457;47;;;10468;3;10477;22;10479;47;10463.5;0.0
3;37200;SNACKPACK_STRAWBERRY;10453;33;10451;51;;;10471;33;10473;51;;;10462.0;0.0
3;37300;SNACKPACK_STRAWBERRY;10437;26;10435;59;;;10455;26;10457;59;;;10446.0;0.0
3;37400;SNACKPACK_STRAWBERRY;10449;27;10447;55;;;10467;27;10469;55;;;10458.0;0.0
3;37500;SNACKPACK_STRAWBERRY;10452;39;10450;52;;;10470;39;10472;52;;;10461.0;0.0
3;37600;SNACKPACK_STRAWBERRY;10456;30;10454;47;;;10474;30;10476;47;;;10465.0;0.0
3;37700;SNACKPACK_STRAWBERRY;10456;32;10454;51;;;10474;32;10476;51;;;10465.0;0.0
3;37800;SNACKPACK_STRAWBERRY;10443;21;10441;51;;;10460;21;10463;51;;;10451.5;0.0
3;37900;SNACKPACK_STRAWBERRY;10445;21;10443;50;;;10462;21;10464;50;;;10453.5;0.0
3;38000;SNACKPACK_STRAWBERRY;10450;29;10448;58;;;10468;29;10470;58;;;10459.0;0.0
3;38100;SNACKPACK_STRAWBERRY;10445;31;10442;52;;;10462;31;10464;52;;;10453.5;0.0
3;38200;SNACKPACK_STRAWBERRY;10443;23;10441;52;;;10461;23;10463;52;;;10452.0;0.0
3;38300;SNACKPACK_STRAWBERRY;10440;34;10438;59;;;10458;34;10460;59;;;10449.0;0.0
3;38400;SNACKPACK_STRAWBERRY;10438;26;10436;52;;;10446;4;10456;26;10458;52;10442.0;0.0
3;38500;SNACKPACK_STRAWBERRY;10442;38;10440;46;;;10460;38;10462;46;;;10451.0;0.0
3;38600;SNACKPACK_STRAWBERRY;10423;23;10421;40;;;10431;5;10441;23;10443;40;10427.0;0.0
3;38700;SNACKPACK_STRAWBERRY;10416;28;10414;52;;;10434;28;10436;52;;;10425.0;0.0
3;38800;SNACKPACK_STRAWBERRY;10423;30;10421;59;;;10441;30;10443;59;;;10432.0;0.0
3;38900;SNACKPACK_STRAWBERRY;10425;31;10423;59;;;10443;31;10445;59;;;10434.0;0.0
3;39000;SNACKPACK_STRAWBERRY;10428;27;10426;59;;;10446;27;10448;59;;;10437.0;0.0
3;39100;SNACKPACK_STRAWBERRY;10428;30;10426;59;;;10446;30;10448;59;;;10437.0;0.0
3;39200;SNACKPACK_STRAWBERRY;10435;36;10433;59;;;10452;36;10455;59;;;10443.5;0.0
3;39300;SNACKPACK_STRAWBERRY;10434;40;10432;47;;;10452;40;10454;47;;;10443.0;0.0
3;39400;SNACKPACK_STRAWBERRY;10436;36;10433;54;;;10453;36;10455;54;;;10444.5;0.0
3;39500;SNACKPACK_STRAWBERRY;10440;27;10438;40;;;10458;27;10460;40;;;10449.0;0.0
3;39600;SNACKPACK_STRAWBERRY;10436;24;10434;53;;;10454;24;10456;53;;;10445.0;0.0
3;39700;SNACKPACK_STRAWBERRY;10432;28;10430;59;;;10450;28;10452;59;;;10441.0;0.0
3;39800;SNACKPACK_STRAWBERRY;10435;31;10433;54;;;10453;31;10455;54;;;10444.0;0.0
3;39900;SNACKPACK_STRAWBERRY;10416;26;10414;41;;;10434;26;10436;41;;;10425.0;0.0
3;40000;SNACKPACK_STRAWBERRY;10415;32;10413;60;;;10433;32;10435;60;;;10424.0;0.0
3;40100;SNACKPACK_STRAWBERRY;10433;25;10431;51;;;10451;25;10453;51;;;10442.0;0.0
3;40200;SNACKPACK_STRAWBERRY;10420;36;10418;59;;;10438;36;10440;59;;;10429.0;0.0
3;40300;SNACKPACK_STRAWBERRY;10416;38;10413;52;;;10433;38;10435;52;;;10424.5;0.0
3;40400;SNACKPACK_STRAWBERRY;10409;37;10407;60;;;10427;37;10429;60;;;10418.0;0.0
3;40500;SNACKPACK_STRAWBERRY;10403;32;10401;44;;;10421;32;10423;44;;;10412.0;0.0
3;40600;SNACKPACK_STRAWBERRY;10399;36;10397;46;;;10417;36;10419;46;;;10408.0;0.0
3;40700;SNACKPACK_STRAWBERRY;10392;27;10390;60;;;10410;27;10412;60;;;10401.0;0.0
3;40800;SNACKPACK_STRAWBERRY;10393;37;10391;49;;;10410;37;10412;49;;;10401.5;0.0
3;40900;SNACKPACK_STRAWBERRY;10413;34;10411;48;;;10430;34;10432;48;;;10421.5;0.0
3;41000;SNACKPACK_STRAWBERRY;10424;36;10422;52;;;10442;36;10444;52;;;10433.0;0.0
3;41100;SNACKPACK_STRAWBERRY;10421;37;10419;50;;;10439;37;10441;50;;;10430.0;0.0
3;41200;SNACKPACK_STRAWBERRY;10423;20;10421;47;;;10441;20;10443;47;;;10432.0;0.0
3;41300;SNACKPACK_STRAWBERRY;10430;24;10428;48;;;10447;24;10449;48;;;10438.5;0.0
3;41400;SNACKPACK_STRAWBERRY;10428;33;10426;46;;;10446;33;10448;46;;;10437.0;0.0
3;41500;SNACKPACK_STRAWBERRY;10426;31;10424;44;;;10444;31;10446;44;;;10435.0;0.0
3;41600;SNACKPACK_STRAWBERRY;10421;23;10419;52;;;10439;23;10441;52;;;10430.0;0.0
3;41700;SNACKPACK_STRAWBERRY;10432;27;10430;59;;;10449;27;10452;59;;;10440.5;0.0
3;41800;SNACKPACK_STRAWBERRY;10439;35;10437;51;;;10457;35;10459;51;;;10448.0;0.0
3;41900;SNACKPACK_STRAWBERRY;10441;39;10439;45;;;10459;39;10461;45;;;10450.0;0.0
3;42000;SNACKPACK_STRAWBERRY;10449;36;10447;58;;;10467;36;10469;58;;;10458.0;0.0
3;42100;SNACKPACK_STRAWBERRY;10465;40;10463;45;;;10483;40;10485;45;;;10474.0;0.0
3;42200;SNACKPACK_STRAWBERRY;10467;25;10465;43;;;10485;25;10487;43;;;10476.0;0.0
3;42300;SNACKPACK_STRAWBERRY;10455;33;10453;60;;;10472;33;10475;60;;;10463.5;0.0
3;42400;SNACKPACK_STRAWBERRY;10452;29;10449;56;;;10469;29;10471;56;;;10460.5;0.0
3;42500;SNACKPACK_STRAWBERRY;10451;20;10449;51;;;10469;20;10471;51;;;10460.0;0.0
3;42600;SNACKPACK_STRAWBERRY;10463;25;10461;53;;;10481;25;10483;53;;;10472.0;0.0
3;42700;SNACKPACK_STRAWBERRY;10470;32;10468;54;;;10488;32;10490;54;;;10479.0;0.0
3;42800;SNACKPACK_STRAWBERRY;10472;39;10470;60;;;10489;39;10492;60;;;10480.5;0.0
3;42900;SNACKPACK_STRAWBERRY;10480;30;10478;56;;;10498;30;10500;56;;;10489.0;0.0
3;43000;SNACKPACK_STRAWBERRY;10492;34;10489;44;;;10509;34;10511;44;;;10500.5;0.0
3;43100;SNACKPACK_STRAWBERRY;10493;24;10491;60;;;10511;24;10513;60;;;10502.0;0.0
3;43200;SNACKPACK_STRAWBERRY;10499;28;10496;42;;;10516;28;10518;42;;;10507.5;0.0
3;43300;SNACKPACK_STRAWBERRY;10505;20;10502;51;;;10522;20;10524;51;;;10513.5;0.0
3;43400;SNACKPACK_STRAWBERRY;10509;20;10507;41;;;10527;20;10529;41;;;10518.0;0.0
3;43500;SNACKPACK_STRAWBERRY;10489;29;10487;56;;;10507;29;10509;56;;;10498.0;0.0
3;43600;SNACKPACK_STRAWBERRY;10496;37;10494;60;;;10514;37;10516;60;;;10505.0;0.0
3;43700;SNACKPACK_STRAWBERRY;10497;34;10495;44;;;10515;34;10517;44;;;10506.0;0.0
3;43800;SNACKPACK_STRAWBERRY;10502;30;10500;50;;;10520;30;10522;50;;;10511.0;0.0
3;43900;SNACKPACK_STRAWBERRY;10510;28;10507;40;;;10527;28;10530;40;;;10518.5;0.0
3;44000;SNACKPACK_STRAWBERRY;10519;25;10517;44;;;10537;25;10539;44;;;10528.0;0.0
3;44100;SNACKPACK_STRAWBERRY;10519;32;10517;57;;;10537;32;10539;57;;;10528.0;0.0
3;44200;SNACKPACK_STRAWBERRY;10526;24;10524;44;;;10544;24;10546;44;;;10535.0;0.0
3;44300;SNACKPACK_STRAWBERRY;10523;28;10521;47;;;10541;28;10543;47;;;10532.0;0.0
3;44400;SNACKPACK_STRAWBERRY;10508;33;10506;51;;;10526;33;10528;51;;;10517.0;0.0
3;44500;SNACKPACK_STRAWBERRY;10497;25;10495;59;;;10515;25;10517;59;;;10506.0;0.0
3;44600;SNACKPACK_STRAWBERRY;10485;33;10483;52;;;10503;33;10505;52;;;10494.0;0.0
3;44700;SNACKPACK_STRAWBERRY;10498;34;10496;41;;;10516;34;10518;41;;;10507.0;0.0
3;44800;SNACKPACK_STRAWBERRY;10499;29;10497;60;;;10517;29;10519;60;;;10508.0;0.0
3;44900;SNACKPACK_STRAWBERRY;10490;36;10488;59;;;10507;36;10510;59;;;10498.5;0.0
3;45000;SNACKPACK_STRAWBERRY;10487;23;10485;56;;;10504;23;10507;56;;;10495.5;0.0
3;45100;SNACKPACK_STRAWBERRY;10503;32;10501;53;;;10521;32;10523;53;;;10512.0;0.0
3;45200;SNACKPACK_STRAWBERRY;10514;20;10512;58;;;10532;20;10534;58;;;10523.0;0.0
3;45300;SNACKPACK_STRAWBERRY;10512;23;10510;42;;;10530;23;10532;42;;;10521.0;0.0
3;45400;SNACKPACK_STRAWBERRY;10525;27;10523;41;;;10543;27;10545;41;;;10534.0;0.0
3;45500;SNACKPACK_STRAWBERRY;10549;31;10547;48;;;10567;31;10569;48;;;10558.0;0.0
3;45600;SNACKPACK_STRAWBERRY;10561;33;10559;56;;;10579;33;10581;56;;;10570.0;0.0
3;45700;SNACKPACK_STRAWBERRY;10556;28;10554;42;;;10574;28;10576;42;;;10565.0;0.0
3;45800;SNACKPACK_STRAWBERRY;10554;32;10552;42;;;10572;32;10574;42;;;10563.0;0.0
3;45900;SNACKPACK_STRAWBERRY;10549;31;10547;51;;;10567;31;10569;51;;;10558.0;0.0
3;46000;SNACKPACK_STRAWBERRY;10537;29;10535;51;;;10555;29;10557;51;;;10546.0;0.0
3;46100;SNACKPACK_STRAWBERRY;10541;33;10539;49;;;10559;33;10561;49;;;10550.0;0.0
3;46200;SNACKPACK_STRAWBERRY;10542;35;10540;40;;;10560;35;10562;40;;;10551.0;0.0
3;46300;SNACKPACK_STRAWBERRY;10543;29;10541;40;;;10561;29;10563;40;;;10552.0;0.0
3;46400;SNACKPACK_STRAWBERRY;10542;35;10540;53;;;10560;35;10562;53;;;10551.0;0.0
3;46500;SNACKPACK_STRAWBERRY;10546;37;10544;60;;;10564;37;10566;60;;;10555.0;0.0
3;46600;SNACKPACK_STRAWBERRY;10556;21;10554;53;;;10574;21;10576;53;;;10565.0;0.0
3;46700;SNACKPACK_STRAWBERRY;10556;27;10554;47;;;10574;27;10576;47;;;10565.0;0.0
3;46800;SNACKPACK_STRAWBERRY;10552;24;10550;51;;;10570;24;10572;51;;;10561.0;0.0
3;46900;SNACKPACK_STRAWBERRY;10540;23;10538;45;;;10558;23;10560;45;;;10549.0;0.0
3;47000;SNACKPACK_STRAWBERRY;10545;22;10542;40;;;10562;22;10565;40;;;10553.5;0.0
3;47100;SNACKPACK_STRAWBERRY;10545;34;10542;59;;;10562;34;10565;59;;;10553.5;0.0
3;47200;SNACKPACK_STRAWBERRY;10553;34;10551;49;;;10571;34;10573;49;;;10562.0;0.0
3;47300;SNACKPACK_STRAWBERRY;10561;31;10559;59;;;10579;31;10581;59;;;10570.0;0.0
3;47400;SNACKPACK_STRAWBERRY;10546;36;10544;60;;;10564;36;10566;60;;;10555.0;0.0
3;47500;SNACKPACK_STRAWBERRY;10555;21;10553;52;;;10573;21;10575;52;;;10564.0;0.0
3;47600;SNACKPACK_STRAWBERRY;10540;38;10538;51;;;10558;38;10560;51;;;10549.0;0.0
3;47700;SNACKPACK_STRAWBERRY;10538;26;10536;59;;;10556;26;10558;59;;;10547.0;0.0
3;47800;SNACKPACK_STRAWBERRY;10533;22;10531;55;;;10551;22;10553;55;;;10542.0;0.0
3;47900;SNACKPACK_STRAWBERRY;10537;26;10535;47;;;10555;26;10557;47;;;10546.0;0.0
3;48000;SNACKPACK_STRAWBERRY;10534;38;10532;59;;;10552;38;10554;59;;;10543.0;0.0
3;48100;SNACKPACK_STRAWBERRY;10516;23;10514;57;;;10534;23;10536;57;;;10525.0;0.0
3;48200;SNACKPACK_STRAWBERRY;10527;32;10525;50;;;10545;32;10547;50;;;10536.0;0.0
3;48300;SNACKPACK_STRAWBERRY;10539;27;10537;52;;;10557;27;10559;52;;;10548.0;0.0
3;48400;SNACKPACK_STRAWBERRY;10540;24;10537;51;;;10557;24;10560;51;;;10548.5;0.0
3;48500;SNACKPACK_STRAWBERRY;10539;24;10537;50;;;10557;24;10559;50;;;10548.0;0.0
3;48600;SNACKPACK_STRAWBERRY;10546;36;10544;46;;;10564;36;10566;46;;;10555.0;0.0
3;48700;SNACKPACK_STRAWBERRY;10543;25;10540;50;;;10560;25;10562;50;;;10551.5;0.0
3;48800;SNACKPACK_STRAWBERRY;10559;25;10557;48;;;10577;25;10579;48;;;10568.0;0.0
3;48900;SNACKPACK_STRAWBERRY;10557;33;10555;51;;;10575;33;10577;51;;;10566.0;0.0
3;49000;SNACKPACK_STRAWBERRY;10562;33;10560;47;;;10580;33;10582;47;;;10571.0;0.0
3;49100;SNACKPACK_STRAWBERRY;10553;30;10551;58;;;10571;30;10573;58;;;10562.0;0.0
3;49200;SNACKPACK_STRAWBERRY;10548;37;10546;45;;;10566;37;10568;45;;;10557.0;0.0
3;49300;SNACKPACK_STRAWBERRY;10537;23;10535;50;;;10555;23;10557;50;;;10546.0;0.0
3;49400;SNACKPACK_STRAWBERRY;10530;34;10528;50;;;10548;34;10550;50;;;10539.0;0.0
3;49500;SNACKPACK_STRAWBERRY;10529;35;10527;54;;;10547;35;10549;54;;;10538.0;0.0
3;49600;SNACKPACK_STRAWBERRY;10545;23;10542;49;;;10562;23;10565;49;;;10553.5;0.0
3;49700;SNACKPACK_STRAWBERRY;10536;29;10534;51;;;10554;29;10556;51;;;10545.0;0.0
3;49800;SNACKPACK_STRAWBERRY;10542;23;10540;59;;;10560;23;10562;59;;;10551.0;0.0
3;49900;SNACKPACK_STRAWBERRY;10548;31;10546;40;;;10566;31;10568;40;;;10557.0;0.0
3;50000;SNACKPACK_STRAWBERRY;10554;32;10552;40;;;10572;32;10574;40;;;10563.0;0.0
3;50100;SNACKPACK_STRAWBERRY;10561;24;10559;59;;;10579;24;10581;59;;;10570.0;0.0
3;50200;SNACKPACK_STRAWBERRY;10568;23;10566;43;;;10586;23;10588;43;;;10577.0;0.0
3;50300;SNACKPACK_STRAWBERRY;10571;31;10569;50;;;10589;31;10591;50;;;10580.0;0.0
3;50400;SNACKPACK_STRAWBERRY;10576;39;10574;60;;;10594;39;10596;60;;;10585.0;0.0
3;50500;SNACKPACK_STRAWBERRY;10574;32;10572;48;;;10592;32;10594;48;;;10583.0;0.0
3;50600;SNACKPACK_STRAWBERRY;10586;28;10584;41;;;10604;28;10606;41;;;10595.0;0.0
3;50700;SNACKPACK_STRAWBERRY;10589;21;10587;54;;;10598;5;10607;21;10609;54;10593.5;0.0
3;50800;SNACKPACK_STRAWBERRY;10594;25;10592;40;;;10612;25;10614;40;;;10603.0;0.0
3;50900;SNACKPACK_STRAWBERRY;10591;37;10589;42;;;10609;37;10611;42;;;10600.0;0.0
3;51000;SNACKPACK_STRAWBERRY;10588;35;10586;60;;;10606;35;10608;60;;;10597.0;0.0
3;51100;SNACKPACK_STRAWBERRY;10578;35;10576;47;;;10596;35;10598;47;;;10587.0;0.0
3;51200;SNACKPACK_STRAWBERRY;10572;20;10570;40;;;10590;20;10592;40;;;10581.0;0.0
3;51300;SNACKPACK_STRAWBERRY;10570;27;10568;48;;;10588;27;10590;48;;;10579.0;0.0
3;51400;SNACKPACK_STRAWBERRY;10571;40;10569;41;;;10589;40;10591;41;;;10580.0;0.0
3;51500;SNACKPACK_STRAWBERRY;10579;29;10576;57;;;10596;29;10599;57;;;10587.5;0.0
3;51600;SNACKPACK_STRAWBERRY;10559;40;10557;57;;;10577;40;10579;57;;;10568.0;0.0
3;51700;SNACKPACK_STRAWBERRY;10560;27;10558;46;;;10578;27;10580;46;;;10569.0;0.0
3;51800;SNACKPACK_STRAWBERRY;10563;39;10561;42;;;10581;39;10583;42;;;10572.0;0.0
3;51900;SNACKPACK_STRAWBERRY;10559;30;10557;45;;;10577;30;10579;45;;;10568.0;0.0
3;52000;SNACKPACK_STRAWBERRY;10563;39;10560;44;;;10580;39;10583;44;;;10571.5;0.0
3;52100;SNACKPACK_STRAWBERRY;10555;22;10552;46;;;10572;22;10575;46;;;10563.5;0.0
3;52200;SNACKPACK_STRAWBERRY;10543;34;10541;47;;;10561;34;10563;47;;;10552.0;0.0
3;52300;SNACKPACK_STRAWBERRY;10539;30;10537;50;;;10547;6;10557;30;10559;50;10543.0;0.0
3;52400;SNACKPACK_STRAWBERRY;10521;30;10519;57;;;10539;30;10541;57;;;10530.0;0.0
3;52500;SNACKPACK_STRAWBERRY;10520;39;10518;43;;;10538;39;10540;43;;;10529.0;0.0
3;52600;SNACKPACK_STRAWBERRY;10517;27;10515;57;;;10535;27;10537;57;;;10526.0;0.0
3;52700;SNACKPACK_STRAWBERRY;10525;36;10523;48;;;10543;36;10545;48;;;10534.0;0.0
3;52800;SNACKPACK_STRAWBERRY;10516;22;10514;50;;;10534;22;10536;50;;;10525.0;0.0
3;52900;SNACKPACK_STRAWBERRY;10524;38;10522;45;;;10542;38;10544;45;;;10533.0;0.0
3;53000;SNACKPACK_STRAWBERRY;10523;27;10521;60;;;10541;27;10543;60;;;10532.0;0.0
3;53100;SNACKPACK_STRAWBERRY;10531;39;10528;56;;;10548;39;10551;56;;;10539.5;0.0
3;53200;SNACKPACK_STRAWBERRY;10523;20;10521;48;;;10541;20;10543;48;;;10532.0;0.0
3;53300;SNACKPACK_STRAWBERRY;10520;25;10518;47;;;10538;25;10540;47;;;10529.0;0.0
3;53400;SNACKPACK_STRAWBERRY;10523;30;10521;52;;;10541;30;10543;52;;;10532.0;0.0
3;53500;SNACKPACK_STRAWBERRY;10531;37;10529;47;;;10549;37;10551;47;;;10540.0;0.0
3;53600;SNACKPACK_STRAWBERRY;10534;26;10531;60;;;10551;26;10554;60;;;10542.5;0.0
3;53700;SNACKPACK_STRAWBERRY;10532;39;10530;40;;;10550;39;10552;40;;;10541.0;0.0
3;53800;SNACKPACK_STRAWBERRY;10532;35;10530;45;;;10550;35;10552;45;;;10541.0;0.0
3;53900;SNACKPACK_STRAWBERRY;10537;21;10535;42;;;10555;21;10557;42;;;10546.0;0.0
3;54000;SNACKPACK_STRAWBERRY;10545;37;10543;42;;;10563;37;10565;42;;;10554.0;0.0
3;54100;SNACKPACK_STRAWBERRY;10540;26;10538;47;;;10558;26;10560;47;;;10549.0;0.0
3;54200;SNACKPACK_STRAWBERRY;10549;37;10547;57;;;10567;37;10569;57;;;10558.0;0.0
3;54300;SNACKPACK_STRAWBERRY;10569;25;10567;47;;;10587;25;10589;47;;;10578.0;0.0
3;54400;SNACKPACK_STRAWBERRY;10565;31;10563;42;;;10583;31;10585;42;;;10574.0;0.0
3;54500;SNACKPACK_STRAWBERRY;10562;35;10560;47;;;10580;35;10582;47;;;10571.0;0.0
3;54600;SNACKPACK_STRAWBERRY;10558;26;10556;60;;;10576;26;10578;60;;;10567.0;0.0
3;54700;SNACKPACK_STRAWBERRY;10564;27;10561;52;;;10581;27;10584;52;;;10572.5;0.0
3;54800;SNACKPACK_STRAWBERRY;10560;34;10558;41;;;10578;34;10580;41;;;10569.0;0.0
3;54900;SNACKPACK_STRAWBERRY;10553;27;10551;55;;;10571;27;10573;55;;;10562.0;0.0
3;55000;SNACKPACK_STRAWBERRY;10548;26;10546;47;;;10566;26;10568;47;;;10557.0;0.0
3;55100;SNACKPACK_STRAWBERRY;10546;37;10544;58;;;10564;37;10566;58;;;10555.0;0.0
3;55200;SNACKPACK_STRAWBERRY;10552;36;10550;48;;;10570;36;10572;48;;;10561.0;0.0
3;55300;SNACKPACK_STRAWBERRY;10560;20;10558;58;;;10578;20;10580;58;;;10569.0;0.0
3;55400;SNACKPACK_STRAWBERRY;10561;38;10559;57;;;10579;38;10581;57;;;10570.0;0.0
3;55500;SNACKPACK_STRAWBERRY;10553;34;10551;50;;;10571;34;10573;50;;;10562.0;0.0
3;55600;SNACKPACK_STRAWBERRY;10559;30;10557;58;;;10577;30;10579;58;;;10568.0;0.0
3;55700;SNACKPACK_STRAWBERRY;10555;38;10553;51;;;10573;38;10575;51;;;10564.0;0.0
3;55800;SNACKPACK_STRAWBERRY;10551;29;10549;48;;;10569;29;10571;48;;;10560.0;0.0
3;55900;SNACKPACK_STRAWBERRY;10553;38;10550;57;;;10570;38;10573;57;;;10561.5;0.0
3;56000;SNACKPACK_STRAWBERRY;10558;31;10556;55;;;10576;31;10578;55;;;10567.0;0.0
3;56100;SNACKPACK_STRAWBERRY;10545;26;10543;46;;;10563;26;10565;46;;;10554.0;0.0
3;56200;SNACKPACK_STRAWBERRY;10552;30;10550;44;;;10561;6;10570;30;10572;44;10556.5;0.0
3;56300;SNACKPACK_STRAWBERRY;10539;36;10537;59;;;10557;36;10559;59;;;10548.0;0.0
3;56400;SNACKPACK_STRAWBERRY;10540;28;10538;44;;;10558;28;10560;44;;;10549.0;0.0
3;56500;SNACKPACK_STRAWBERRY;10530;21;10528;45;;;10548;21;10550;45;;;10539.0;0.0
3;56600;SNACKPACK_STRAWBERRY;10529;24;10527;41;;;10547;24;10549;41;;;10538.0;0.0
3;56700;SNACKPACK_STRAWBERRY;10532;20;10530;57;;;10550;20;10552;57;;;10541.0;0.0
3;56800;SNACKPACK_STRAWBERRY;10530;27;10528;57;;;10548;27;10550;57;;;10539.0;0.0
3;56900;SNACKPACK_STRAWBERRY;10547;27;10545;42;;;10565;27;10567;42;;;10556.0;0.0
3;57000;SNACKPACK_STRAWBERRY;10554;31;10552;58;;;10572;31;10574;58;;;10563.0;0.0
3;57100;SNACKPACK_STRAWBERRY;10570;40;10568;43;;;10588;40;10590;43;;;10579.0;0.0
3;57200;SNACKPACK_STRAWBERRY;10581;37;10578;43;;;10598;37;10601;43;;;10589.5;0.0
3;57300;SNACKPACK_STRAWBERRY;10591;30;10589;54;;;10609;30;10611;54;;;10600.0;0.0
3;57400;SNACKPACK_STRAWBERRY;10595;24;10593;58;;;10613;24;10615;58;;;10604.0;0.0
3;57500;SNACKPACK_STRAWBERRY;10583;27;10581;43;;;10601;27;10603;43;;;10592.0;0.0
3;57600;SNACKPACK_STRAWBERRY;10596;32;10594;55;;;10614;32;10616;55;;;10605.0;0.0
3;57700;SNACKPACK_STRAWBERRY;10598;25;10596;59;;;10616;25;10618;59;;;10607.0;0.0
3;57800;SNACKPACK_STRAWBERRY;10594;25;10592;52;;;10612;25;10614;52;;;10603.0;0.0
3;57900;SNACKPACK_STRAWBERRY;10597;24;10595;59;;;10615;24;10617;59;;;10606.0;0.0
3;58000;SNACKPACK_STRAWBERRY;10597;39;10595;59;;;10615;39;10617;59;;;10606.0;0.0
3;58100;SNACKPACK_STRAWBERRY;10588;25;10586;44;;;10606;25;10608;44;;;10597.0;0.0
3;58200;SNACKPACK_STRAWBERRY;10583;40;10581;48;;;10601;40;10603;48;;;10592.0;0.0
3;58300;SNACKPACK_STRAWBERRY;10581;32;10579;44;;;10599;32;10601;44;;;10590.0;0.0
3;58400;SNACKPACK_STRAWBERRY;10578;24;10576;51;;;10596;24;10598;51;;;10587.0;0.0
3;58500;SNACKPACK_STRAWBERRY;10581;31;10579;41;;;10599;31;10601;41;;;10590.0;0.0
3;58600;SNACKPACK_STRAWBERRY;10585;36;10582;60;;;10603;36;10605;60;;;10594.0;0.0
3;58700;SNACKPACK_STRAWBERRY;10578;36;10576;43;;;10596;36;10598;43;;;10587.0;0.0
3;58800;SNACKPACK_STRAWBERRY;10584;37;10582;55;;;10602;37;10604;55;;;10593.0;0.0
3;58900;SNACKPACK_STRAWBERRY;10582;37;10580;57;;;10600;37;10602;57;;;10591.0;0.0
3;59000;SNACKPACK_STRAWBERRY;10586;34;10584;54;;;10604;34;10607;54;;;10595.0;0.0
3;59100;SNACKPACK_STRAWBERRY;10591;20;10589;59;;;10609;20;10611;59;;;10600.0;0.0
3;59200;SNACKPACK_STRAWBERRY;10600;30;10598;40;;;10618;30;10621;40;;;10609.0;0.0
3;59300;SNACKPACK_STRAWBERRY;10607;35;10605;55;;;10625;35;10627;55;;;10616.0;0.0
3;59400;SNACKPACK_STRAWBERRY;10593;26;10591;58;;;10611;26;10613;58;;;10602.0;0.0
3;59500;SNACKPACK_STRAWBERRY;10589;26;10587;40;;;10607;26;10609;40;;;10598.0;0.0
3;59600;SNACKPACK_STRAWBERRY;10579;35;10577;58;;;10597;35;10599;58;;;10588.0;0.0
3;59700;SNACKPACK_STRAWBERRY;10588;34;10586;49;;;10606;34;10608;49;;;10597.0;0.0
3;59800;SNACKPACK_STRAWBERRY;10582;22;10579;45;;;10599;22;10602;45;;;10590.5;0.0
3;59900;SNACKPACK_STRAWBERRY;10577;27;10574;54;;;10594;27;10597;54;;;10585.5;0.0
3;60000;SNACKPACK_STRAWBERRY;10566;36;10564;50;;;10584;36;10586;50;;;10575.0;0.0
3;60100;SNACKPACK_STRAWBERRY;10573;21;10571;48;;;10591;21;10593;48;;;10582.0;0.0
3;60200;SNACKPACK_STRAWBERRY;10592;33;10590;41;;;10610;33;10612;41;;;10601.0;0.0
3;60300;SNACKPACK_STRAWBERRY;10585;33;10583;57;;;10603;33;10605;57;;;10594.0;0.0
3;60400;SNACKPACK_STRAWBERRY;10596;33;10594;54;;;10614;33;10616;54;;;10605.0;0.0
3;60500;SNACKPACK_STRAWBERRY;10603;38;10601;58;;;10621;38;10623;58;;;10612.0;0.0
3;60600;SNACKPACK_STRAWBERRY;10600;37;10598;41;;;10618;37;10621;41;;;10609.0;0.0
3;60700;SNACKPACK_STRAWBERRY;10592;23;10590;43;;;10610;23;10612;43;;;10601.0;0.0
3;60800;SNACKPACK_STRAWBERRY;10582;30;10580;46;;;10600;30;10602;46;;;10591.0;0.0
3;60900;SNACKPACK_STRAWBERRY;10578;36;10576;43;;;10596;36;10598;43;;;10587.0;0.0
3;61000;SNACKPACK_STRAWBERRY;10568;38;10566;49;;;10586;38;10588;49;;;10577.0;0.0
3;61100;SNACKPACK_STRAWBERRY;10559;22;10557;43;;;10577;22;10579;43;;;10568.0;0.0
3;61200;SNACKPACK_STRAWBERRY;10562;20;10560;41;;;10580;20;10582;41;;;10571.0;0.0
3;61300;SNACKPACK_STRAWBERRY;10572;6;10564;29;10562;58;10582;29;10584;58;;;10577.0;0.0
3;61400;SNACKPACK_STRAWBERRY;10558;20;10556;47;;;10576;20;10578;47;;;10567.0;0.0
3;61500;SNACKPACK_STRAWBERRY;10545;25;10542;53;;;10562;25;10564;53;;;10553.5;0.0
3;61600;SNACKPACK_STRAWBERRY;10545;21;10543;47;;;10563;21;10565;47;;;10554.0;0.0
3;61700;SNACKPACK_STRAWBERRY;10550;27;10548;48;;;10568;27;10570;48;;;10559.0;0.0
3;61800;SNACKPACK_STRAWBERRY;10559;27;10557;58;;;10577;27;10579;58;;;10568.0;0.0
3;61900;SNACKPACK_STRAWBERRY;10567;36;10565;49;;;10585;36;10587;49;;;10576.0;0.0
3;62000;SNACKPACK_STRAWBERRY;10581;26;10579;48;;;10599;26;10601;48;;;10590.0;0.0
3;62100;SNACKPACK_STRAWBERRY;10586;34;10584;47;;;10604;34;10606;47;;;10595.0;0.0
3;62200;SNACKPACK_STRAWBERRY;10594;31;10592;59;;;10612;31;10615;59;;;10603.0;0.0
3;62300;SNACKPACK_STRAWBERRY;10594;22;10592;43;;;10612;22;10614;43;;;10603.0;0.0
3;62400;SNACKPACK_STRAWBERRY;10594;25;10592;46;;;10612;25;10614;46;;;10603.0;0.0
3;62500;SNACKPACK_STRAWBERRY;10588;21;10586;57;;;10606;21;10608;57;;;10597.0;0.0
3;62600;SNACKPACK_STRAWBERRY;10589;26;10587;55;;;10607;26;10609;55;;;10598.0;0.0
3;62700;SNACKPACK_STRAWBERRY;10595;32;10593;55;;;10613;32;10615;55;;;10604.0;0.0
3;62800;SNACKPACK_STRAWBERRY;10590;40;10588;49;;;10608;40;10610;49;;;10599.0;0.0
3;62900;SNACKPACK_STRAWBERRY;10601;36;10599;51;;;10619;36;10621;51;;;10610.0;0.0
3;63000;SNACKPACK_STRAWBERRY;10605;27;10603;47;;;10623;27;10625;47;;;10614.0;0.0
3;63100;SNACKPACK_STRAWBERRY;10599;32;10597;44;;;10617;32;10619;44;;;10608.0;0.0
3;63200;SNACKPACK_STRAWBERRY;10600;27;10598;54;;;10618;27;10620;54;;;10609.0;0.0
3;63300;SNACKPACK_STRAWBERRY;10604;21;10602;53;;;10622;21;10624;53;;;10613.0;0.0
3;63400;SNACKPACK_STRAWBERRY;10602;36;10600;44;;;10620;36;10622;44;;;10611.0;0.0
3;63500;SNACKPACK_STRAWBERRY;10593;29;10591;47;;;10611;29;10613;47;;;10602.0;0.0
3;63600;SNACKPACK_STRAWBERRY;10593;25;10591;60;;;10611;25;10614;60;;;10602.0;0.0
3;63700;SNACKPACK_STRAWBERRY;10596;26;10594;46;;;10614;26;10616;46;;;10605.0;0.0
3;63800;SNACKPACK_STRAWBERRY;10589;33;10587;56;;;10607;33;10609;56;;;10598.0;0.0
3;63900;SNACKPACK_STRAWBERRY;10576;26;10574;52;;;10594;26;10596;52;;;10585.0;0.0
3;64000;SNACKPACK_STRAWBERRY;10569;29;10567;47;;;10587;29;10589;47;;;10578.0;0.0
3;64100;SNACKPACK_STRAWBERRY;10584;31;10582;46;;;10602;31;10604;46;;;10593.0;0.0
3;64200;SNACKPACK_STRAWBERRY;10590;30;10588;53;;;10608;30;10610;53;;;10599.0;0.0
3;64300;SNACKPACK_STRAWBERRY;10597;34;10595;55;;;10615;34;10617;55;;;10606.0;0.0
3;64400;SNACKPACK_STRAWBERRY;10588;25;10586;43;;;10606;25;10608;43;;;10597.0;0.0
3;64500;SNACKPACK_STRAWBERRY;10581;21;10579;53;;;10599;21;10601;53;;;10590.0;0.0
3;64600;SNACKPACK_STRAWBERRY;10583;29;10580;58;;;10600;29;10603;58;;;10591.5;0.0
3;64700;SNACKPACK_STRAWBERRY;10577;40;10575;49;;;10595;40;10597;49;;;10586.0;0.0
3;64800;SNACKPACK_STRAWBERRY;10561;22;10558;50;;;10569;2;10578;22;10581;50;10565.0;0.0
3;64900;SNACKPACK_STRAWBERRY;10556;25;10554;60;;;10574;25;10576;60;;;10565.0;0.0
3;65000;SNACKPACK_STRAWBERRY;10558;40;10556;51;;;10576;40;10578;51;;;10567.0;0.0
3;65100;SNACKPACK_STRAWBERRY;10577;32;10575;44;;;10595;32;10597;44;;;10586.0;0.0
3;65200;SNACKPACK_STRAWBERRY;10586;21;10584;42;;;10604;21;10606;42;;;10595.0;0.0
3;65300;SNACKPACK_STRAWBERRY;10585;22;10583;55;;;10603;22;10605;55;;;10594.0;0.0
3;65400;SNACKPACK_STRAWBERRY;10580;35;10578;52;;;10598;35;10600;52;;;10589.0;0.0
3;65500;SNACKPACK_STRAWBERRY;10579;30;10577;48;;;10597;30;10599;48;;;10588.0;0.0
3;65600;SNACKPACK_STRAWBERRY;10594;21;10592;51;;;10612;21;10614;51;;;10603.0;0.0
3;65700;SNACKPACK_STRAWBERRY;10610;30;10608;44;;;10628;30;10630;44;;;10619.0;0.0
3;65800;SNACKPACK_STRAWBERRY;10603;39;10601;45;;;10621;39;10623;45;;;10612.0;0.0
3;65900;SNACKPACK_STRAWBERRY;10618;39;10616;47;;;10636;39;10639;47;;;10627.0;0.0
3;66000;SNACKPACK_STRAWBERRY;10617;39;10615;43;;;10635;39;10637;43;;;10626.0;0.0
3;66100;SNACKPACK_STRAWBERRY;10611;40;10609;46;;;10629;40;10631;46;;;10620.0;0.0
3;66200;SNACKPACK_STRAWBERRY;10616;32;10614;45;;;10634;32;10636;45;;;10625.0;0.0
3;66300;SNACKPACK_STRAWBERRY;10622;36;10619;52;;;10640;36;10642;52;;;10631.0;0.0
3;66400;SNACKPACK_STRAWBERRY;10615;22;10613;43;;;10633;22;10635;43;;;10624.0;0.0
3;66500;SNACKPACK_STRAWBERRY;10613;20;10611;50;;;10631;20;10633;50;;;10622.0;0.0
3;66600;SNACKPACK_STRAWBERRY;10618;25;10616;48;;;10636;25;10638;48;;;10627.0;0.0
3;66700;SNACKPACK_STRAWBERRY;10618;34;10616;52;;;10636;34;10638;52;;;10627.0;0.0
3;66800;SNACKPACK_STRAWBERRY;10620;31;10618;58;;;10638;31;10640;58;;;10629.0;0.0
3;66900;SNACKPACK_STRAWBERRY;10613;25;10611;54;;;10631;25;10633;54;;;10622.0;0.0
3;67000;SNACKPACK_STRAWBERRY;10599;26;10597;51;;;10617;26;10619;51;;;10608.0;0.0
3;67100;SNACKPACK_STRAWBERRY;10607;25;10605;45;;;10625;25;10627;45;;;10616.0;0.0
3;67200;SNACKPACK_STRAWBERRY;10605;24;10603;48;;;10623;24;10625;48;;;10614.0;0.0
3;67300;SNACKPACK_STRAWBERRY;10605;30;10603;53;;;10623;30;10626;53;;;10614.0;0.0
3;67400;SNACKPACK_STRAWBERRY;10612;30;10609;42;;;10630;30;10632;42;;;10621.0;0.0
3;67500;SNACKPACK_STRAWBERRY;10626;28;10624;47;;;10644;28;10646;47;;;10635.0;0.0
3;67600;SNACKPACK_STRAWBERRY;10633;26;10631;59;;;10651;26;10653;59;;;10642.0;0.0
3;67700;SNACKPACK_STRAWBERRY;10632;32;10630;44;;;10650;32;10653;44;;;10641.0;0.0
3;67800;SNACKPACK_STRAWBERRY;10624;26;10622;48;;;10642;26;10644;48;;;10633.0;0.0
3;67900;SNACKPACK_STRAWBERRY;10628;25;10625;44;;;10646;25;10648;44;;;10637.0;0.0
3;68000;SNACKPACK_STRAWBERRY;10630;24;10628;43;;;10648;24;10650;43;;;10639.0;0.0
3;68100;SNACKPACK_STRAWBERRY;10622;33;10620;58;;;10640;33;10642;58;;;10631.0;0.0
3;68200;SNACKPACK_STRAWBERRY;10624;32;10622;48;;;10642;32;10644;48;;;10633.0;0.0
3;68300;SNACKPACK_STRAWBERRY;10625;35;10623;53;;;10643;35;10645;53;;;10634.0;0.0
3;68400;SNACKPACK_STRAWBERRY;10609;23;10607;55;;;10627;23;10629;55;;;10618.0;0.0
3;68500;SNACKPACK_STRAWBERRY;10608;21;10605;41;;;10626;21;10628;41;;;10617.0;0.0
3;68600;SNACKPACK_STRAWBERRY;10605;36;10603;58;;;10623;36;10625;58;;;10614.0;0.0
3;68700;SNACKPACK_STRAWBERRY;10612;35;10610;47;;;10630;35;10632;47;;;10621.0;0.0
3;68800;SNACKPACK_STRAWBERRY;10625;39;10623;42;;;10643;39;10646;42;;;10634.0;0.0
3;68900;SNACKPACK_STRAWBERRY;10625;40;10623;59;;;10643;40;10646;59;;;10634.0;0.0
3;69000;SNACKPACK_STRAWBERRY;10628;38;10626;41;;;10637;4;10646;38;10648;41;10632.5;0.0
3;69100;SNACKPACK_STRAWBERRY;10632;37;10630;60;;;10650;37;10652;60;;;10641.0;0.0
3;69200;SNACKPACK_STRAWBERRY;10632;22;10630;60;;;10650;22;10652;60;;;10641.0;0.0
3;69300;SNACKPACK_STRAWBERRY;10641;35;10638;43;;;10659;35;10661;43;;;10650.0;0.0
3;69400;SNACKPACK_STRAWBERRY;10625;32;10623;47;;;10643;32;10646;47;;;10634.0;0.0
3;69500;SNACKPACK_STRAWBERRY;10633;36;10631;49;;;10651;36;10653;49;;;10642.0;0.0
3;69600;SNACKPACK_STRAWBERRY;10635;27;10633;60;;;10653;27;10655;60;;;10644.0;0.0
3;69700;SNACKPACK_STRAWBERRY;10636;34;10634;58;;;10654;34;10656;58;;;10645.0;0.0
3;69800;SNACKPACK_STRAWBERRY;10628;29;10626;56;;;10646;29;10648;56;;;10637.0;0.0
3;69900;SNACKPACK_STRAWBERRY;10634;31;10632;41;;;10652;31;10654;41;;;10643.0;0.0
3;70000;SNACKPACK_STRAWBERRY;10619;36;10617;41;;;10637;36;10639;41;;;10628.0;0.0
3;70100;SNACKPACK_STRAWBERRY;10614;31;10612;40;;;10632;31;10635;40;;;10623.0;0.0
3;70200;SNACKPACK_STRAWBERRY;10618;34;10616;57;;;10636;34;10638;57;;;10627.0;0.0
3;70300;SNACKPACK_STRAWBERRY;10604;39;10602;55;;;10622;39;10624;55;;;10613.0;0.0
3;70400;SNACKPACK_STRAWBERRY;10602;35;10600;46;;;10620;35;10622;46;;;10611.0;0.0
3;70500;SNACKPACK_STRAWBERRY;10611;29;10608;54;;;10629;29;10631;54;;;10620.0;0.0
3;70600;SNACKPACK_STRAWBERRY;10618;29;10616;51;;;10636;29;10638;51;;;10627.0;0.0
3;70700;SNACKPACK_STRAWBERRY;10616;30;10614;46;;;10634;30;10636;46;;;10625.0;0.0
3;70800;SNACKPACK_STRAWBERRY;10608;32;10606;46;;;10626;32;10628;46;;;10617.0;0.0
3;70900;SNACKPACK_STRAWBERRY;10606;38;10604;56;;;10624;38;10627;56;;;10615.0;0.0
3;71000;SNACKPACK_STRAWBERRY;10607;38;10605;42;;;10625;38;10628;42;;;10616.0;0.0
3;71100;SNACKPACK_STRAWBERRY;10621;28;10619;51;;;10639;28;10641;51;;;10630.0;0.0
3;71200;SNACKPACK_STRAWBERRY;10603;23;10601;42;;;10621;23;10623;42;;;10612.0;0.0
3;71300;SNACKPACK_STRAWBERRY;10615;33;10613;60;;;10633;33;10636;60;;;10624.0;0.0
3;71400;SNACKPACK_STRAWBERRY;10634;37;10632;60;;;10652;37;10654;60;;;10643.0;0.0
3;71500;SNACKPACK_STRAWBERRY;10632;37;10630;60;;;10650;37;10652;60;;;10641.0;0.0
3;71600;SNACKPACK_STRAWBERRY;10633;30;10631;55;;;10651;30;10653;55;;;10642.0;0.0
3;71700;SNACKPACK_STRAWBERRY;10624;36;10622;58;;;10642;36;10644;58;;;10633.0;0.0
3;71800;SNACKPACK_STRAWBERRY;10646;38;10644;45;;;10664;38;10666;45;;;10655.0;0.0
3;71900;SNACKPACK_STRAWBERRY;10641;36;10639;49;;;10659;36;10661;49;;;10650.0;0.0
3;72000;SNACKPACK_STRAWBERRY;10638;25;10636;47;;;10656;25;10659;47;;;10647.0;0.0
3;72100;SNACKPACK_STRAWBERRY;10645;25;10643;56;;;10663;25;10665;56;;;10654.0;0.0
3;72200;SNACKPACK_STRAWBERRY;10651;20;10649;56;;;10669;20;10671;56;;;10660.0;0.0
3;72300;SNACKPACK_STRAWBERRY;10646;26;10644;57;;;10664;26;10667;57;;;10655.0;0.0
3;72400;SNACKPACK_STRAWBERRY;10644;36;10641;57;;;10662;36;10664;57;;;10653.0;0.0
3;72500;SNACKPACK_STRAWBERRY;10627;28;10625;51;;;10645;28;10647;51;;;10636.0;0.0
3;72600;SNACKPACK_STRAWBERRY;10630;21;10628;60;;;10648;21;10650;60;;;10639.0;0.0
3;72700;SNACKPACK_STRAWBERRY;10637;21;10635;51;;;10655;21;10658;51;;;10646.0;0.0
3;72800;SNACKPACK_STRAWBERRY;10643;28;10641;53;;;10661;28;10663;53;;;10652.0;0.0
3;72900;SNACKPACK_STRAWBERRY;10635;37;10632;43;;;10653;37;10655;43;;;10644.0;0.0
3;73000;SNACKPACK_STRAWBERRY;10630;23;10628;50;;;10648;23;10650;50;;;10639.0;0.0
3;73100;SNACKPACK_STRAWBERRY;10630;21;10628;43;;;10648;21;10650;43;;;10639.0;0.0
3;73200;SNACKPACK_STRAWBERRY;10643;24;10641;51;;;10662;24;10664;51;;;10652.5;0.0
3;73300;SNACKPACK_STRAWBERRY;10649;20;10647;56;;;10668;20;10670;56;;;10658.5;0.0
3;73400;SNACKPACK_STRAWBERRY;10649;27;10647;47;;;10667;27;10670;47;;;10658.0;0.0
3;73500;SNACKPACK_STRAWBERRY;10639;25;10637;43;;;10657;25;10660;43;;;10648.0;0.0
3;73600;SNACKPACK_STRAWBERRY;10648;20;10646;54;;;10666;20;10668;54;;;10657.0;0.0
3;73700;SNACKPACK_STRAWBERRY;10648;34;10646;40;;;10666;34;10668;40;;;10657.0;0.0
3;73800;SNACKPACK_STRAWBERRY;10641;33;10639;58;;;10659;33;10661;58;;;10650.0;0.0
3;73900;SNACKPACK_STRAWBERRY;10633;24;10631;45;;;10651;24;10653;45;;;10642.0;0.0
3;74000;SNACKPACK_STRAWBERRY;10648;39;10646;40;;;10666;39;10668;40;;;10657.0;0.0
3;74100;SNACKPACK_STRAWBERRY;10646;27;10644;52;;;10664;27;10666;52;;;10655.0;0.0
3;74200;SNACKPACK_STRAWBERRY;10649;36;10647;56;;;10667;36;10669;56;;;10658.0;0.0
3;74300;SNACKPACK_STRAWBERRY;10639;24;10637;54;;;10657;24;10659;54;;;10648.0;0.0
3;74400;SNACKPACK_STRAWBERRY;10631;33;10628;54;;;10649;33;10651;54;;;10640.0;0.0
3;74500;SNACKPACK_STRAWBERRY;10633;34;10631;49;;;10651;34;10653;49;;;10642.0;0.0
3;74600;SNACKPACK_STRAWBERRY;10643;38;10641;49;;;10661;38;10663;49;;;10652.0;0.0
3;74700;SNACKPACK_STRAWBERRY;10654;31;10652;60;;;10672;31;10674;60;;;10663.0;0.0
3;74800;SNACKPACK_STRAWBERRY;10646;36;10644;49;;;10664;36;10666;49;;;10655.0;0.0
3;74900;SNACKPACK_STRAWBERRY;10640;36;10638;45;;;10658;36;10660;45;;;10649.0;0.0
3;75000;SNACKPACK_STRAWBERRY;10629;37;10627;59;;;10647;37;10649;59;;;10638.0;0.0
3;75100;SNACKPACK_STRAWBERRY;10624;31;10622;57;;;10642;31;10645;57;;;10633.0;0.0
3;75200;SNACKPACK_STRAWBERRY;10617;28;10615;59;;;10635;28;10637;59;;;10626.0;0.0
3;75300;SNACKPACK_STRAWBERRY;10611;38;10608;44;;;10629;38;10631;44;;;10620.0;0.0
3;75400;SNACKPACK_STRAWBERRY;10621;20;10618;57;;;10639;20;10641;57;;;10630.0;0.0
3;75500;SNACKPACK_STRAWBERRY;10619;30;10617;43;;;10637;30;10639;43;;;10628.0;0.0
3;75600;SNACKPACK_STRAWBERRY;10611;38;10609;53;;;10629;38;10632;53;;;10620.0;0.0
3;75700;SNACKPACK_STRAWBERRY;10625;32;10623;52;;;10643;32;10645;52;;;10634.0;0.0
3;75800;SNACKPACK_STRAWBERRY;10642;24;10640;51;;;10660;24;10662;51;;;10651.0;0.0
3;75900;SNACKPACK_STRAWBERRY;10641;39;10639;52;;;10659;39;10662;52;;;10650.0;0.0
3;76000;SNACKPACK_STRAWBERRY;10633;30;10631;52;;;10651;30;10653;52;;;10642.0;0.0
3;76100;SNACKPACK_STRAWBERRY;10630;29;10628;48;;;10648;29;10650;48;;;10639.0;0.0
3;76200;SNACKPACK_STRAWBERRY;10643;23;10641;46;;;10661;23;10663;46;;;10652.0;0.0
3;76300;SNACKPACK_STRAWBERRY;10645;25;10643;56;;;10663;25;10665;56;;;10654.0;0.0
3;76400;SNACKPACK_STRAWBERRY;10652;34;10650;51;;;10670;34;10672;51;;;10661.0;0.0
3;76500;SNACKPACK_STRAWBERRY;10643;23;10640;52;;;10661;23;10663;52;;;10652.0;0.0
3;76600;SNACKPACK_STRAWBERRY;10640;24;10638;60;;;10658;24;10660;60;;;10649.0;0.0
3;76700;SNACKPACK_STRAWBERRY;10642;38;10640;49;;;10660;38;10662;49;;;10651.0;0.0
3;76800;SNACKPACK_STRAWBERRY;10647;20;10645;55;;;10665;20;10668;55;;;10656.0;0.0
3;76900;SNACKPACK_STRAWBERRY;10657;29;10655;49;;;10675;29;10677;49;;;10666.0;0.0
3;77000;SNACKPACK_STRAWBERRY;10641;22;10639;50;;;10659;22;10661;50;;;10650.0;0.0
3;77100;SNACKPACK_STRAWBERRY;10649;25;10647;46;;;10667;25;10669;46;;;10658.0;0.0
3;77200;SNACKPACK_STRAWBERRY;10653;25;10651;46;;;10671;25;10673;46;;;10662.0;0.0
3;77300;SNACKPACK_STRAWBERRY;10666;21;10664;44;;;10684;21;10686;44;;;10675.0;0.0
3;77400;SNACKPACK_STRAWBERRY;10651;22;10649;42;;;10669;22;10671;42;;;10660.0;0.0
3;77500;SNACKPACK_STRAWBERRY;10653;25;10651;46;;;10671;25;10674;46;;;10662.0;0.0
3;77600;SNACKPACK_STRAWBERRY;10666;25;10664;45;;;10684;25;10686;45;;;10675.0;0.0
3;77700;SNACKPACK_STRAWBERRY;10670;35;10668;42;;;10688;35;10690;42;;;10679.0;0.0
3;77800;SNACKPACK_STRAWBERRY;10662;21;10660;48;;;10680;21;10683;48;;;10671.0;0.0
3;77900;SNACKPACK_STRAWBERRY;10656;20;10654;42;;;10674;20;10676;42;;;10665.0;0.0
3;78000;SNACKPACK_STRAWBERRY;10656;27;10654;40;;;10674;27;10676;40;;;10665.0;0.0
3;78100;SNACKPACK_STRAWBERRY;10661;27;10659;50;;;10679;27;10681;50;;;10670.0;0.0
3;78200;SNACKPACK_STRAWBERRY;10658;32;10656;58;;;10676;32;10678;58;;;10667.0;0.0
3;78300;SNACKPACK_STRAWBERRY;10669;33;10667;46;;;10687;33;10690;46;;;10678.0;0.0
3;78400;SNACKPACK_STRAWBERRY;10677;30;10675;42;;;10695;30;10697;42;;;10686.0;0.0
3;78500;SNACKPACK_STRAWBERRY;10678;21;10676;55;;;10696;21;10698;55;;;10687.0;0.0
3;78600;SNACKPACK_STRAWBERRY;10672;20;10670;57;;;10690;20;10692;57;;;10681.0;0.0
3;78700;SNACKPACK_STRAWBERRY;10661;31;10658;59;;;10679;31;10681;59;;;10670.0;0.0
3;78800;SNACKPACK_STRAWBERRY;10650;35;10647;54;;;10668;35;10670;54;;;10659.0;0.0
3;78900;SNACKPACK_STRAWBERRY;10638;23;10636;40;;;10656;23;10658;40;;;10647.0;0.0
3;79000;SNACKPACK_STRAWBERRY;10636;36;10634;56;;;10654;36;10656;56;;;10645.0;0.0
3;79100;SNACKPACK_STRAWBERRY;10658;22;10656;49;;;10677;22;10679;49;;;10667.5;0.0
3;79200;SNACKPACK_STRAWBERRY;10648;20;10646;53;;;10666;20;10668;53;;;10657.0;0.0
3;79300;SNACKPACK_STRAWBERRY;10642;25;10640;57;;;10660;25;10662;57;;;10651.0;0.0
3;79400;SNACKPACK_STRAWBERRY;10632;23;10630;51;;;10650;23;10653;51;;;10641.0;0.0
3;79500;SNACKPACK_STRAWBERRY;10643;30;10641;47;;;10661;30;10664;47;;;10652.0;0.0
3;79600;SNACKPACK_STRAWBERRY;10645;22;10643;51;;;10664;22;10666;51;;;10654.5;0.0
3;79700;SNACKPACK_STRAWBERRY;10675;21;10673;59;;;10693;21;10695;59;;;10684.0;0.0
3;79800;SNACKPACK_STRAWBERRY;10681;29;10679;40;;;10699;29;10701;40;;;10690.0;0.0
3;79900;SNACKPACK_STRAWBERRY;10696;6;10688;25;10685;44;10706;25;10708;44;;;10701.0;0.0
3;80000;SNACKPACK_STRAWBERRY;10695;27;10692;49;;;10713;27;10715;49;;;10704.0;0.0
3;80100;SNACKPACK_STRAWBERRY;10694;38;10692;60;;;10713;38;10715;60;;;10703.5;0.0
3;80200;SNACKPACK_STRAWBERRY;10701;25;10698;40;;;10719;25;10721;40;;;10710.0;0.0
3;80300;SNACKPACK_STRAWBERRY;10713;34;10711;60;;;10731;34;10734;60;;;10722.0;0.0
3;80400;SNACKPACK_STRAWBERRY;10727;32;10725;48;;;10745;32;10747;48;;;10736.0;0.0
3;80500;SNACKPACK_STRAWBERRY;10725;39;10723;59;;;10743;39;10746;59;;;10734.0;0.0
3;80600;SNACKPACK_STRAWBERRY;10721;32;10719;40;;;10739;32;10741;40;;;10730.0;0.0
3;80700;SNACKPACK_STRAWBERRY;10734;27;10732;43;;;10752;27;10754;43;;;10743.0;0.0
3;80800;SNACKPACK_STRAWBERRY;10740;36;10738;51;;;10758;36;10760;51;;;10749.0;0.0
3;80900;SNACKPACK_STRAWBERRY;10742;23;10740;59;;;10760;23;10762;59;;;10751.0;0.0
3;81000;SNACKPACK_STRAWBERRY;10742;22;10740;53;;;10760;22;10762;53;;;10751.0;0.0
3;81100;SNACKPACK_STRAWBERRY;10747;22;10744;44;;;10765;22;10767;44;;;10756.0;0.0
3;81200;SNACKPACK_STRAWBERRY;10758;21;10756;47;;;10776;21;10779;47;;;10767.0;0.0
3;81300;SNACKPACK_STRAWBERRY;10735;30;10732;52;;;10753;30;10755;52;;;10744.0;0.0
3;81400;SNACKPACK_STRAWBERRY;10740;37;10738;43;;;10759;37;10761;43;;;10749.5;0.0
3;81500;SNACKPACK_STRAWBERRY;10735;33;10733;48;;;10753;33;10756;48;;;10744.0;0.0
3;81600;SNACKPACK_STRAWBERRY;10740;28;10738;50;;;10759;28;10761;50;;;10749.5;0.0
3;81700;SNACKPACK_STRAWBERRY;10735;35;10733;45;;;10753;35;10755;45;;;10744.0;0.0
3;81800;SNACKPACK_STRAWBERRY;10740;31;10738;50;;;10759;31;10761;50;;;10749.5;0.0
3;81900;SNACKPACK_STRAWBERRY;10737;28;10735;49;;;10755;28;10757;49;;;10746.0;0.0
3;82000;SNACKPACK_STRAWBERRY;10749;40;10747;59;;;10767;40;10770;59;;;10758.0;0.0
3;82100;SNACKPACK_STRAWBERRY;10747;20;10745;44;;;10766;20;10768;44;;;10756.5;0.0
3;82200;SNACKPACK_STRAWBERRY;10742;37;10740;59;;;10760;37;10762;59;;;10751.0;0.0
3;82300;SNACKPACK_STRAWBERRY;10743;37;10741;58;;;10762;37;10764;58;;;10752.5;0.0
3;82400;SNACKPACK_STRAWBERRY;10750;25;10748;49;;;10769;25;10771;49;;;10759.5;0.0
3;82500;SNACKPACK_STRAWBERRY;10740;34;10738;40;;;10758;34;10761;40;;;10749.0;0.0
3;82600;SNACKPACK_STRAWBERRY;10733;40;10731;53;;;10751;40;10753;53;;;10742.0;0.0
3;82700;SNACKPACK_STRAWBERRY;10730;25;10727;49;;;10748;25;10750;49;;;10739.0;0.0
3;82800;SNACKPACK_STRAWBERRY;10720;38;10718;54;;;10738;38;10740;54;;;10729.0;0.0
3;82900;SNACKPACK_STRAWBERRY;10733;26;10731;54;;;10751;26;10753;54;;;10742.0;0.0
3;83000;SNACKPACK_STRAWBERRY;10734;25;10732;50;;;10753;25;10755;50;;;10743.5;0.0
3;83100;SNACKPACK_STRAWBERRY;10737;39;10735;41;;;10755;39;10757;41;;;10746.0;0.0
3;83200;SNACKPACK_STRAWBERRY;10729;28;10727;51;;;10747;28;10749;51;;;10738.0;0.0
3;83300;SNACKPACK_STRAWBERRY;10719;33;10716;52;;;10737;33;10739;52;;;10728.0;0.0
3;83400;SNACKPACK_STRAWBERRY;10706;20;10704;52;;;10724;20;10726;52;;;10715.0;0.0
3;83500;SNACKPACK_STRAWBERRY;10693;5;10684;29;10682;41;10703;29;10705;41;;;10698.0;0.0
3;83600;SNACKPACK_STRAWBERRY;10696;26;10694;43;;;10714;26;10717;43;;;10705.0;0.0
3;83700;SNACKPACK_STRAWBERRY;10690;35;10687;50;;;10708;35;10710;50;;;10699.0;0.0
3;83800;SNACKPACK_STRAWBERRY;10694;33;10692;44;;;10712;33;10715;44;;;10703.0;0.0
3;83900;SNACKPACK_STRAWBERRY;10688;25;10685;55;;;10706;25;10708;55;;;10697.0;0.0
3;84000;SNACKPACK_STRAWBERRY;10691;38;10689;53;;;10709;38;10711;53;;;10700.0;0.0
3;84100;SNACKPACK_STRAWBERRY;10692;28;10690;58;;;10710;28;10712;58;;;10701.0;0.0
3;84200;SNACKPACK_STRAWBERRY;10689;20;10687;60;;;10707;20;10709;60;;;10698.0;0.0
3;84300;SNACKPACK_STRAWBERRY;10689;24;10687;41;;;10707;24;10709;41;;;10698.0;0.0
3;84400;SNACKPACK_STRAWBERRY;10686;38;10683;52;;;10704;38;10706;52;;;10695.0;0.0
3;84500;SNACKPACK_STRAWBERRY;10683;22;10681;52;;;10701;22;10703;52;;;10692.0;0.0
3;84600;SNACKPACK_STRAWBERRY;10692;22;10690;44;;;10710;22;10713;44;;;10701.0;0.0
3;84700;SNACKPACK_STRAWBERRY;10698;38;10696;44;;;10716;38;10719;44;;;10707.0;0.0
3;84800;SNACKPACK_STRAWBERRY;10705;23;10703;54;;;10724;23;10726;54;;;10714.5;0.0
3;84900;SNACKPACK_STRAWBERRY;10702;39;10700;52;;;10711;5;10720;39;10722;52;10706.5;0.0
3;85000;SNACKPACK_STRAWBERRY;10702;27;10700;48;;;10720;27;10722;48;;;10711.0;0.0
3;85100;SNACKPACK_STRAWBERRY;10697;22;10695;44;;;10716;22;10718;44;;;10706.5;0.0
3;85200;SNACKPACK_STRAWBERRY;10708;34;10706;58;;;10726;34;10728;58;;;10717.0;0.0
3;85300;SNACKPACK_STRAWBERRY;10710;32;10708;40;;;10728;32;10730;40;;;10719.0;0.0
3;85400;SNACKPACK_STRAWBERRY;10716;23;10713;40;;;10734;23;10736;40;;;10725.0;0.0
3;85500;SNACKPACK_STRAWBERRY;10720;36;10718;50;;;10738;36;10741;50;;;10729.0;0.0
3;85600;SNACKPACK_STRAWBERRY;10728;33;10726;47;;;10746;33;10748;47;;;10737.0;0.0
3;85700;SNACKPACK_STRAWBERRY;10738;26;10736;45;;;10757;26;10759;45;;;10747.5;0.0
3;85800;SNACKPACK_STRAWBERRY;10751;38;10749;55;;;10769;38;10771;55;;;10760.0;0.0
3;85900;SNACKPACK_STRAWBERRY;10754;21;10752;43;;;10772;21;10774;43;;;10763.0;0.0
3;86000;SNACKPACK_STRAWBERRY;10762;29;10760;42;;;10780;29;10782;42;;;10771.0;0.0
3;86100;SNACKPACK_STRAWBERRY;10745;24;10743;54;;;10763;24;10765;54;;;10754.0;0.0
3;86200;SNACKPACK_STRAWBERRY;10752;39;10750;56;;;10770;39;10772;56;;;10761.0;0.0
3;86300;SNACKPACK_STRAWBERRY;10735;28;10733;58;;;10753;28;10755;58;;;10744.0;0.0
3;86400;SNACKPACK_STRAWBERRY;10728;27;10726;50;;;10746;27;10749;50;;;10737.0;0.0
3;86500;SNACKPACK_STRAWBERRY;10719;33;10717;51;;;10737;33;10740;51;;;10728.0;0.0
3;86600;SNACKPACK_STRAWBERRY;10720;33;10718;42;;;10739;33;10741;42;;;10729.5;0.0
3;86700;SNACKPACK_STRAWBERRY;10731;29;10728;56;;;10749;29;10751;56;;;10740.0;0.0
3;86800;SNACKPACK_STRAWBERRY;10726;34;10724;57;;;10745;34;10747;57;;;10735.5;0.0
3;86900;SNACKPACK_STRAWBERRY;10734;24;10731;47;;;10752;24;10754;47;;;10743.0;0.0
3;87000;SNACKPACK_STRAWBERRY;10730;40;10728;49;;;10749;40;10751;49;;;10739.5;0.0
3;87100;SNACKPACK_STRAWBERRY;10726;37;10724;43;;;10735;4;10744;37;10747;43;10730.5;0.0
3;87200;SNACKPACK_STRAWBERRY;10716;25;10714;51;;;10735;25;10737;51;;;10725.5;0.0
3;87300;SNACKPACK_STRAWBERRY;10716;25;10714;45;;;10734;25;10737;45;;;10725.0;0.0
3;87400;SNACKPACK_STRAWBERRY;10711;24;10709;52;;;10729;24;10731;52;;;10720.0;0.0
3;87500;SNACKPACK_STRAWBERRY;10728;28;10726;54;;;10746;28;10748;54;;;10737.0;0.0
3;87600;SNACKPACK_STRAWBERRY;10736;22;10734;59;;;10754;22;10756;59;;;10745.0;0.0
3;87700;SNACKPACK_STRAWBERRY;10735;34;10733;52;;;10753;34;10756;52;;;10744.0;0.0
3;87800;SNACKPACK_STRAWBERRY;10734;25;10732;55;;;10752;25;10754;55;;;10743.0;0.0
3;87900;SNACKPACK_STRAWBERRY;10738;34;10736;47;;;10757;34;10759;47;;;10747.5;0.0
3;88000;SNACKPACK_STRAWBERRY;10738;40;10736;60;;;10757;40;10759;60;;;10747.5;0.0
3;88100;SNACKPACK_STRAWBERRY;10731;25;10728;55;;;10749;25;10751;55;;;10740.0;0.0
3;88200;SNACKPACK_STRAWBERRY;10734;23;10732;45;;;10752;23;10754;45;;;10743.0;0.0
3;88300;SNACKPACK_STRAWBERRY;10727;21;10725;40;;;10745;21;10747;40;;;10736.0;0.0
3;88400;SNACKPACK_STRAWBERRY;10738;38;10735;55;;;10756;38;10758;55;;;10747.0;0.0
3;88500;SNACKPACK_STRAWBERRY;10736;28;10734;45;;;10754;28;10757;45;;;10745.0;0.0
3;88600;SNACKPACK_STRAWBERRY;10744;33;10742;58;;;10763;33;10765;58;;;10753.5;0.0
3;88700;SNACKPACK_STRAWBERRY;10752;21;10750;54;;;10771;21;10773;54;;;10761.5;0.0
3;88800;SNACKPACK_STRAWBERRY;10754;39;10752;41;;;10772;39;10775;41;;;10763.0;0.0
3;88900;SNACKPACK_STRAWBERRY;10742;37;10740;42;;;10760;37;10762;42;;;10751.0;0.0
3;89000;SNACKPACK_STRAWBERRY;10746;31;10744;53;;;10764;31;10766;53;;;10755.0;0.0
3;89100;SNACKPACK_STRAWBERRY;10756;22;10754;52;;;10774;22;10776;52;;;10765.0;0.0
3;89200;SNACKPACK_STRAWBERRY;10762;40;10760;46;;;10780;40;10782;46;;;10771.0;0.0
3;89300;SNACKPACK_STRAWBERRY;10748;27;10746;44;;;10767;27;10769;44;;;10757.5;0.0
3;89400;SNACKPACK_STRAWBERRY;10753;20;10751;58;;;10771;20;10773;58;;;10762.0;0.0
3;89500;SNACKPACK_STRAWBERRY;10745;23;10743;51;;;10764;23;10766;51;;;10754.5;0.0
3;89600;SNACKPACK_STRAWBERRY;10744;40;10742;49;;;10762;40;10764;49;;;10753.0;0.0
3;89700;SNACKPACK_STRAWBERRY;10750;35;10748;58;;;10769;35;10771;58;;;10759.5;0.0
3;89800;SNACKPACK_STRAWBERRY;10779;4;10770;29;10768;55;10788;29;10790;55;;;10783.5;0.0
3;89900;SNACKPACK_STRAWBERRY;10766;30;10764;58;;;10785;30;10787;58;;;10775.5;0.0
3;90000;SNACKPACK_STRAWBERRY;10773;31;10771;58;;;10791;31;10793;58;;;10782.0;0.0
3;90100;SNACKPACK_STRAWBERRY;10779;20;10777;55;;;10797;20;10799;55;;;10788.0;0.0
3;90200;SNACKPACK_STRAWBERRY;10781;21;10779;47;;;10799;21;10801;47;;;10790.0;0.0
3;90300;SNACKPACK_STRAWBERRY;10774;21;10772;48;;;10792;21;10794;48;;;10783.0;0.0
3;90400;SNACKPACK_STRAWBERRY;10781;30;10779;53;;;10799;30;10801;53;;;10790.0;0.0
3;90500;SNACKPACK_STRAWBERRY;10787;29;10784;59;;;10805;29;10807;59;;;10796.0;0.0
3;90600;SNACKPACK_STRAWBERRY;10772;20;10770;42;;;10790;20;10792;42;;;10781.0;0.0
3;90700;SNACKPACK_STRAWBERRY;10762;30;10760;59;;;10780;30;10783;59;;;10771.0;0.0
3;90800;SNACKPACK_STRAWBERRY;10754;38;10752;48;;;10772;38;10775;48;;;10763.0;0.0
3;90900;SNACKPACK_STRAWBERRY;10763;20;10761;44;;;10782;20;10784;44;;;10772.5;0.0
3;91000;SNACKPACK_STRAWBERRY;10773;33;10770;40;;;10791;33;10793;40;;;10782.0;0.0
3;91100;SNACKPACK_STRAWBERRY;10766;23;10764;42;;;10784;23;10786;42;;;10775.0;0.0
3;91200;SNACKPACK_STRAWBERRY;10761;30;10759;55;;;10780;30;10782;55;;;10770.5;0.0
3;91300;SNACKPACK_STRAWBERRY;10757;36;10755;44;;;10775;36;10777;44;;;10766.0;0.0
3;91400;SNACKPACK_STRAWBERRY;10742;38;10740;44;;;10760;38;10762;44;;;10751.0;0.0
3;91500;SNACKPACK_STRAWBERRY;10741;21;10739;48;;;10759;21;10762;48;;;10750.0;0.0
3;91600;SNACKPACK_STRAWBERRY;10737;33;10735;40;;;10755;33;10757;40;;;10746.0;0.0
3;91700;SNACKPACK_STRAWBERRY;10736;31;10734;43;;;10754;31;10756;43;;;10745.0;0.0
3;91800;SNACKPACK_STRAWBERRY;10731;38;10729;54;;;10749;38;10751;54;;;10740.0;0.0
3;91900;SNACKPACK_STRAWBERRY;10721;29;10719;47;;;10739;29;10741;47;;;10730.0;0.0
3;92000;SNACKPACK_STRAWBERRY;10734;37;10732;56;;;10752;37;10754;56;;;10743.0;0.0
3;92100;SNACKPACK_STRAWBERRY;10753;35;10751;46;;;10772;35;10774;46;;;10762.5;0.0
3;92200;SNACKPACK_STRAWBERRY;10767;37;10765;57;;;10786;37;10788;57;;;10776.5;0.0
3;92300;SNACKPACK_STRAWBERRY;10766;24;10764;57;;;10784;24;10786;57;;;10775.0;0.0
3;92400;SNACKPACK_STRAWBERRY;10753;38;10751;55;;;10771;38;10773;55;;;10762.0;0.0
3;92500;SNACKPACK_STRAWBERRY;10756;32;10754;42;;;10774;32;10776;42;;;10765.0;0.0
3;92600;SNACKPACK_STRAWBERRY;10744;27;10742;57;;;10762;27;10764;57;;;10753.0;0.0
3;92700;SNACKPACK_STRAWBERRY;10744;21;10741;40;;;10762;21;10764;40;;;10753.0;0.0
3;92800;SNACKPACK_STRAWBERRY;10742;39;10740;59;;;10760;39;10762;59;;;10751.0;0.0
3;92900;SNACKPACK_STRAWBERRY;10736;39;10734;49;;;10754;39;10756;49;;;10745.0;0.0
3;93000;SNACKPACK_STRAWBERRY;10747;34;10745;52;;;10765;34;10767;52;;;10756.0;0.0
3;93100;SNACKPACK_STRAWBERRY;10745;34;10743;55;;;10763;34;10765;55;;;10754.0;0.0
3;93200;SNACKPACK_STRAWBERRY;10753;31;10751;43;;;10771;31;10773;43;;;10762.0;0.0
3;93300;SNACKPACK_STRAWBERRY;10756;21;10754;44;;;10774;21;10776;44;;;10765.0;0.0
3;93400;SNACKPACK_STRAWBERRY;10751;21;10749;48;;;10769;21;10771;48;;;10760.0;0.0
3;93500;SNACKPACK_STRAWBERRY;10757;37;10755;57;;;10775;37;10777;57;;;10766.0;0.0
3;93600;SNACKPACK_STRAWBERRY;10756;22;10753;53;;;10774;22;10776;53;;;10765.0;0.0
3;93700;SNACKPACK_STRAWBERRY;10759;37;10757;59;;;10777;37;10779;59;;;10768.0;0.0
3;93800;SNACKPACK_STRAWBERRY;10756;23;10754;47;;;10774;23;10777;47;;;10765.0;0.0
3;93900;SNACKPACK_STRAWBERRY;10750;32;10748;59;;;10769;32;10771;59;;;10759.5;0.0
3;94000;SNACKPACK_STRAWBERRY;10758;34;10756;45;;;10776;34;10779;45;;;10767.0;0.0
3;94100;SNACKPACK_STRAWBERRY;10776;30;10774;52;;;10794;30;10796;52;;;10785.0;0.0
3;94200;SNACKPACK_STRAWBERRY;10787;31;10785;52;;;10805;31;10807;52;;;10796.0;0.0
3;94300;SNACKPACK_STRAWBERRY;10792;30;10790;50;;;10810;30;10813;50;;;10801.0;0.0
3;94400;SNACKPACK_STRAWBERRY;10780;35;10778;52;;;10798;35;10800;52;;;10789.0;0.0
3;94500;SNACKPACK_STRAWBERRY;10783;30;10781;47;;;10801;30;10804;47;;;10792.0;0.0
3;94600;SNACKPACK_STRAWBERRY;10784;24;10781;45;;;10802;24;10804;45;;;10793.0;0.0
3;94700;SNACKPACK_STRAWBERRY;10787;31;10785;42;;;10805;31;10808;42;;;10796.0;0.0
3;94800;SNACKPACK_STRAWBERRY;10796;35;10794;49;;;10814;35;10817;49;;;10805.0;0.0
3;94900;SNACKPACK_STRAWBERRY;10811;23;10808;58;;;10829;23;10831;58;;;10820.0;0.0
3;95000;SNACKPACK_STRAWBERRY;10815;30;10813;46;;;10833;30;10835;46;;;10824.0;0.0
3;95100;SNACKPACK_STRAWBERRY;10827;31;10825;55;;;10845;31;10847;55;;;10836.0;0.0
3;95200;SNACKPACK_STRAWBERRY;10835;5;10826;33;10824;54;10845;33;10847;54;;;10840.0;0.0
3;95300;SNACKPACK_STRAWBERRY;10814;32;10812;58;;;10833;32;10835;58;;;10823.5;0.0
3;95400;SNACKPACK_STRAWBERRY;10819;40;10817;41;;;10837;40;10839;41;;;10828.0;0.0
3;95500;SNACKPACK_STRAWBERRY;10827;22;10825;49;;;10846;22;10848;49;;;10836.5;0.0
3;95600;SNACKPACK_STRAWBERRY;10819;25;10817;55;;;10837;25;10839;55;;;10828.0;0.0
3;95700;SNACKPACK_STRAWBERRY;10823;20;10821;58;;;10841;20;10844;58;;;10832.0;0.0
3;95800;SNACKPACK_STRAWBERRY;10817;23;10815;40;;;10836;23;10838;40;;;10826.5;0.0
3;95900;SNACKPACK_STRAWBERRY;10821;20;10819;57;;;10840;20;10842;57;;;10830.5;0.0
3;96000;SNACKPACK_STRAWBERRY;10822;20;10820;60;;;10841;20;10843;60;;;10831.5;0.0
3;96100;SNACKPACK_STRAWBERRY;10820;23;10818;49;;;10838;23;10841;49;;;10829.0;0.0
3;96200;SNACKPACK_STRAWBERRY;10813;35;10811;46;;;10832;35;10834;46;;;10822.5;0.0
3;96300;SNACKPACK_STRAWBERRY;10815;27;10813;45;;;10833;27;10835;45;;;10824.0;0.0
3;96400;SNACKPACK_STRAWBERRY;10802;31;10800;56;;;10820;31;10822;56;;;10811.0;0.0
3;96500;SNACKPACK_STRAWBERRY;10803;22;10801;56;;;10821;22;10823;56;;;10812.0;0.0
3;96600;SNACKPACK_STRAWBERRY;10804;35;10802;41;;;10823;35;10825;41;;;10813.5;0.0
3;96700;SNACKPACK_STRAWBERRY;10814;25;10812;54;;;10832;25;10834;54;;;10823.0;0.0
3;96800;SNACKPACK_STRAWBERRY;10805;34;10803;55;;;10823;34;10825;55;;;10814.0;0.0
3;96900;SNACKPACK_STRAWBERRY;10805;38;10803;42;;;10824;38;10826;42;;;10814.5;0.0
3;97000;SNACKPACK_STRAWBERRY;10810;32;10808;45;;;10828;32;10830;45;;;10819.0;0.0
3;97100;SNACKPACK_STRAWBERRY;10808;35;10805;49;;;10826;35;10828;49;;;10817.0;0.0
3;97200;SNACKPACK_STRAWBERRY;10799;32;10797;56;;;10817;32;10819;56;;;10808.0;0.0
3;97300;SNACKPACK_STRAWBERRY;10798;23;10796;44;;;10817;23;10819;44;;;10807.5;0.0
3;97400;SNACKPACK_STRAWBERRY;10822;36;10819;41;;;10840;36;10842;41;;;10831.0;0.0
3;97500;SNACKPACK_STRAWBERRY;10818;31;10816;53;;;10836;31;10838;53;;;10827.0;0.0
3;97600;SNACKPACK_STRAWBERRY;10824;31;10822;52;;;10843;31;10845;52;;;10833.5;0.0
3;97700;SNACKPACK_STRAWBERRY;10816;37;10813;59;;;10834;37;10836;59;;;10825.0;0.0
3;97800;SNACKPACK_STRAWBERRY;10827;34;10825;42;;;10845;34;10848;42;;;10836.0;0.0
3;97900;SNACKPACK_STRAWBERRY;10819;22;10817;52;;;10837;22;10839;52;;;10828.0;0.0
3;98000;SNACKPACK_STRAWBERRY;10815;40;10813;54;;;10834;40;10836;54;;;10824.5;0.0
3;98100;SNACKPACK_STRAWBERRY;10805;40;10803;40;;;10824;40;10826;40;;;10814.5;0.0
3;98200;SNACKPACK_STRAWBERRY;10811;21;10809;43;;;10829;21;10831;43;;;10820.0;0.0
3;98300;SNACKPACK_STRAWBERRY;10800;28;10798;49;;;10819;28;10821;49;;;10809.5;0.0
3;98400;SNACKPACK_STRAWBERRY;10794;31;10792;48;;;10812;31;10815;48;;;10803.0;0.0
3;98500;SNACKPACK_STRAWBERRY;10791;26;10788;57;;;10809;26;10811;57;;;10800.0;0.0
3;98600;SNACKPACK_STRAWBERRY;10790;39;10788;49;;;10808;39;10810;49;;;10799.0;0.0
3;98700;SNACKPACK_STRAWBERRY;10801;22;10799;57;;;10820;22;10822;57;;;10810.5;0.0
3;98800;SNACKPACK_STRAWBERRY;10816;38;10814;44;;;10834;38;10836;44;;;10825.0;0.0
3;98900;SNACKPACK_STRAWBERRY;10800;38;10798;48;;;10818;38;10820;48;;;10809.0;0.0
3;99000;SNACKPACK_STRAWBERRY;10792;21;10790;53;;;10811;21;10813;53;;;10801.5;0.0
3;99100;SNACKPACK_STRAWBERRY;10792;23;10789;42;;;10810;23;10812;42;;;10801.0;0.0
3;99200;SNACKPACK_STRAWBERRY;10795;39;10793;54;;;10813;39;10816;54;;;10804.0;0.0
3;99300;SNACKPACK_STRAWBERRY;10796;37;10794;45;;;10815;37;10817;45;;;10805.5;0.0
3;99400;SNACKPACK_STRAWBERRY;10807;25;10805;56;;;10826;25;10828;56;;;10816.5;0.0
3;99500;SNACKPACK_STRAWBERRY;10816;26;10814;56;;;10835;26;10837;56;;;10825.5;0.0
3;99600;SNACKPACK_STRAWBERRY;10821;35;10819;57;;;10839;35;10841;57;;;10830.0;0.0
3;99700;SNACKPACK_STRAWBERRY;10822;21;10820;53;;;10840;21;10843;53;;;10831.0;0.0
3;99800;SNACKPACK_STRAWBERRY;10829;30;10827;46;;;10848;30;10850;46;;;10838.5;0.0
3;99900;SNACKPACK_STRAWBERRY;10824;23;10822;46;;;10842;23;10844;46;;;10833.0;0.0
3;100000;SNACKPACK_STRAWBERRY;10833;32;10831;53;;;10851;32;10854;53;;;10842.0;0.0
3;100100;SNACKPACK_STRAWBERRY;10832;38;10830;41;;;10851;38;10853;41;;;10841.5;0.0
3;100200;SNACKPACK_STRAWBERRY;10824;30;10822;51;;;10843;30;10845;51;;;10833.5;0.0
3;100300;SNACKPACK_STRAWBERRY;10819;24;10817;56;;;10838;24;10840;56;;;10828.5;0.0
3;100400;SNACKPACK_STRAWBERRY;10813;27;10811;56;;;10831;27;10833;56;;;10822.0;0.0
3;100500;SNACKPACK_STRAWBERRY;10814;21;10812;45;;;10823;6;10833;21;10835;45;10818.5;0.0
3;100600;SNACKPACK_STRAWBERRY;10814;24;10812;44;;;10833;24;10835;44;;;10823.5;0.0
3;100700;SNACKPACK_STRAWBERRY;10816;34;10814;56;;;10835;34;10837;56;;;10825.5;0.0
3;100800;SNACKPACK_STRAWBERRY;10817;35;10814;56;;;10835;35;10837;56;;;10826.0;0.0
3;100900;SNACKPACK_STRAWBERRY;10810;30;10808;43;;;10828;30;10830;43;;;10819.0;0.0
3;101000;SNACKPACK_STRAWBERRY;10804;22;10801;50;;;10822;22;10824;50;;;10813.0;0.0
3;101100;SNACKPACK_STRAWBERRY;10813;28;10811;52;;;10831;28;10833;52;;;10822.0;0.0
3;101200;SNACKPACK_STRAWBERRY;10810;24;10808;52;;;10828;24;10831;52;;;10819.0;0.0
3;101300;SNACKPACK_STRAWBERRY;10815;32;10813;57;;;10833;32;10836;57;;;10824.0;0.0
3;101400;SNACKPACK_STRAWBERRY;10809;40;10806;57;;;10827;40;10829;57;;;10818.0;0.0
3;101500;SNACKPACK_STRAWBERRY;10814;29;10812;47;;;10833;29;10835;47;;;10823.5;0.0
3;101600;SNACKPACK_STRAWBERRY;10827;26;10825;44;;;10845;26;10847;44;;;10836.0;0.0
3;101700;SNACKPACK_STRAWBERRY;10831;28;10829;50;;;10849;28;10852;50;;;10840.0;0.0
3;101800;SNACKPACK_STRAWBERRY;10820;22;10817;50;;;10838;22;10840;50;;;10829.0;0.0
3;101900;SNACKPACK_STRAWBERRY;10814;28;10812;52;;;10833;28;10835;52;;;10823.5;0.0
3;102000;SNACKPACK_STRAWBERRY;10805;21;10803;43;;;10824;21;10826;43;;;10814.5;0.0
3;102100;SNACKPACK_STRAWBERRY;10804;32;10802;41;;;10822;32;10825;41;;;10813.0;0.0
3;102200;SNACKPACK_STRAWBERRY;10812;32;10810;43;;;10830;32;10832;43;;;10821.0;0.0
3;102300;SNACKPACK_STRAWBERRY;10802;27;10800;52;;;10820;27;10822;52;;;10811.0;0.0
3;102400;SNACKPACK_STRAWBERRY;10793;22;10790;59;;;10811;22;10813;59;;;10802.0;0.0
3;102500;SNACKPACK_STRAWBERRY;10808;32;10805;58;;;10826;32;10828;58;;;10817.0;0.0
3;102600;SNACKPACK_STRAWBERRY;10813;23;10810;57;;;10831;23;10833;57;;;10822.0;0.0
3;102700;SNACKPACK_STRAWBERRY;10820;20;10818;52;;;10838;20;10840;52;;;10829.0;0.0
3;102800;SNACKPACK_STRAWBERRY;10814;23;10812;51;;;10832;23;10834;51;;;10823.0;0.0
3;102900;SNACKPACK_STRAWBERRY;10824;38;10822;59;;;10842;38;10845;59;;;10833.0;0.0
3;103000;SNACKPACK_STRAWBERRY;10822;39;10820;45;;;10840;39;10842;45;;;10831.0;0.0
3;103100;SNACKPACK_STRAWBERRY;10834;23;10831;44;;;10852;23;10854;44;;;10843.0;0.0
3;103200;SNACKPACK_STRAWBERRY;10840;35;10838;58;;;10859;35;10861;58;;;10849.5;0.0
3;103300;SNACKPACK_STRAWBERRY;10839;40;10837;49;;;10858;40;10860;49;;;10848.5;0.0
3;103400;SNACKPACK_STRAWBERRY;10842;34;10840;55;;;10861;34;10863;55;;;10851.5;0.0
3;103500;SNACKPACK_STRAWBERRY;10841;25;10838;55;;;10859;25;10861;55;;;10850.0;0.0
3;103600;SNACKPACK_STRAWBERRY;10835;34;10833;47;;;10854;34;10856;47;;;10844.5;0.0
3;103700;SNACKPACK_STRAWBERRY;10835;33;10832;54;;;10853;33;10855;54;;;10844.0;0.0
3;103800;SNACKPACK_STRAWBERRY;10842;38;10840;54;;;10861;38;10863;54;;;10851.5;0.0
3;103900;SNACKPACK_STRAWBERRY;10845;39;10842;46;;;10863;39;10865;46;;;10854.0;0.0
3;104000;SNACKPACK_STRAWBERRY;10831;39;10829;43;;;10850;39;10852;43;;;10840.5;0.0
3;104100;SNACKPACK_STRAWBERRY;10837;36;10835;59;;;10855;36;10858;59;;;10846.0;0.0
3;104200;SNACKPACK_STRAWBERRY;10843;39;10841;48;;;10861;39;10863;48;;;10852.0;0.0
3;104300;SNACKPACK_STRAWBERRY;10842;36;10840;50;;;10860;36;10863;50;;;10851.0;0.0
3;104400;SNACKPACK_STRAWBERRY;10843;40;10841;60;;;10861;40;10864;60;;;10852.0;0.0
3;104500;SNACKPACK_STRAWBERRY;10838;21;10836;40;;;10857;21;10859;40;;;10847.5;0.0
3;104600;SNACKPACK_STRAWBERRY;10847;20;10845;54;;;10865;20;10867;54;;;10856.0;0.0
3;104700;SNACKPACK_STRAWBERRY;10836;33;10834;45;;;10854;33;10856;45;;;10845.0;0.0
3;104800;SNACKPACK_STRAWBERRY;10851;39;10849;60;;;10869;39;10871;60;;;10860.0;0.0
3;104900;SNACKPACK_STRAWBERRY;10852;35;10850;59;;;10870;35;10872;59;;;10861.0;0.0
3;105000;SNACKPACK_STRAWBERRY;10861;35;10859;45;;;10879;35;10881;45;;;10870.0;0.0
3;105100;SNACKPACK_STRAWBERRY;10870;38;10868;42;;;10888;38;10890;42;;;10879.0;0.0
3;105200;SNACKPACK_STRAWBERRY;10867;20;10865;53;;;10885;20;10887;53;;;10876.0;0.0
3;105300;SNACKPACK_STRAWBERRY;10864;31;10862;42;;;10882;31;10885;42;;;10873.0;0.0
3;105400;SNACKPACK_STRAWBERRY;10860;34;10858;46;;;10879;34;10881;46;;;10869.5;0.0
3;105500;SNACKPACK_STRAWBERRY;10864;33;10862;47;;;10882;33;10885;47;;;10873.0;0.0
3;105600;SNACKPACK_STRAWBERRY;10870;28;10868;41;;;10888;28;10891;41;;;10879.0;0.0
3;105700;SNACKPACK_STRAWBERRY;10872;29;10870;53;;;10891;29;10893;53;;;10881.5;0.0
3;105800;SNACKPACK_STRAWBERRY;10877;32;10874;50;;;10895;32;10897;50;;;10886.0;0.0
3;105900;SNACKPACK_STRAWBERRY;10868;35;10866;58;;;10887;35;10889;58;;;10877.5;0.0
3;106000;SNACKPACK_STRAWBERRY;10871;35;10869;53;;;10890;35;10892;53;;;10880.5;0.0
3;106100;SNACKPACK_STRAWBERRY;10868;33;10866;49;;;10887;33;10889;49;;;10877.5;0.0
3;106200;SNACKPACK_STRAWBERRY;10862;26;10860;60;;;10880;26;10882;60;;;10871.0;0.0
3;106300;SNACKPACK_STRAWBERRY;10861;40;10859;54;;;10879;40;10882;54;;;10870.0;0.0
3;106400;SNACKPACK_STRAWBERRY;10860;22;10858;54;;;10879;22;10881;54;;;10869.5;0.0
3;106500;SNACKPACK_STRAWBERRY;10869;37;10867;55;;;10887;37;10889;55;;;10878.0;0.0
3;106600;SNACKPACK_STRAWBERRY;10865;27;10862;49;;;10883;27;10885;49;;;10874.0;0.0
3;106700;SNACKPACK_STRAWBERRY;10857;25;10855;58;;;10875;25;10877;58;;;10866.0;0.0
3;106800;SNACKPACK_STRAWBERRY;10853;36;10851;40;;;10871;36;10873;40;;;10862.0;0.0
3;106900;SNACKPACK_STRAWBERRY;10846;34;10844;47;;;10865;34;10867;47;;;10855.5;0.0
3;107000;SNACKPACK_STRAWBERRY;10839;40;10837;47;;;10858;40;10860;47;;;10848.5;0.0
3;107100;SNACKPACK_STRAWBERRY;10850;31;10848;42;;;10868;31;10871;42;;;10859.0;0.0
3;107200;SNACKPACK_STRAWBERRY;10852;36;10850;47;;;10871;36;10873;47;;;10861.5;0.0
3;107300;SNACKPACK_STRAWBERRY;10859;33;10857;45;;;10878;33;10880;45;;;10868.5;0.0
3;107400;SNACKPACK_STRAWBERRY;10859;39;10857;52;;;10877;39;10879;52;;;10868.0;0.0
3;107500;SNACKPACK_STRAWBERRY;10857;20;10855;45;;;10875;20;10877;45;;;10866.0;0.0
3;107600;SNACKPACK_STRAWBERRY;10858;40;10855;55;;;10876;40;10878;55;;;10867.0;0.0
3;107700;SNACKPACK_STRAWBERRY;10847;25;10845;57;;;10866;25;10868;57;;;10856.5;0.0
3;107800;SNACKPACK_STRAWBERRY;10853;33;10851;44;;;10871;33;10873;44;;;10862.0;0.0
3;107900;SNACKPACK_STRAWBERRY;10848;30;10846;40;;;10866;30;10869;40;;;10857.0;0.0
3;108000;SNACKPACK_STRAWBERRY;10848;37;10846;58;;;10867;37;10869;58;;;10857.5;0.0
3;108100;SNACKPACK_STRAWBERRY;10854;38;10852;49;;;10873;38;10875;49;;;10863.5;0.0
3;108200;SNACKPACK_STRAWBERRY;10862;33;10860;49;;;10880;33;10882;49;;;10871.0;0.0
3;108300;SNACKPACK_STRAWBERRY;10866;37;10864;46;;;10884;37;10887;46;;;10875.0;0.0
3;108400;SNACKPACK_STRAWBERRY;10864;33;10862;49;;;10873;5;10883;33;10885;49;10868.5;0.0
3;108500;SNACKPACK_STRAWBERRY;10873;39;10870;57;;;10891;39;10893;57;;;10882.0;0.0
3;108600;SNACKPACK_STRAWBERRY;10876;38;10874;42;;;10894;38;10897;42;;;10885.0;0.0
3;108700;SNACKPACK_STRAWBERRY;10889;32;10886;50;;;10907;32;10909;50;;;10898.0;0.0
3;108800;SNACKPACK_STRAWBERRY;10900;23;10897;50;;;10918;23;10920;50;;;10909.0;0.0
3;108900;SNACKPACK_STRAWBERRY;10882;24;10880;48;;;10901;24;10903;48;;;10891.5;0.0
3;109000;SNACKPACK_STRAWBERRY;10887;25;10885;54;;;10906;25;10908;54;;;10896.5;0.0
3;109100;SNACKPACK_STRAWBERRY;10904;21;10902;48;;;10923;21;10925;48;;;10913.5;0.0
3;109200;SNACKPACK_STRAWBERRY;10908;33;10906;43;;;10926;33;10928;43;;;10917.0;0.0
3;109300;SNACKPACK_STRAWBERRY;10910;22;10908;52;;;10928;22;10930;52;;;10919.0;0.0
3;109400;SNACKPACK_STRAWBERRY;10919;20;10917;45;;;10938;20;10940;45;;;10928.5;0.0
3;109500;SNACKPACK_STRAWBERRY;10919;26;10917;57;;;10928;6;10938;26;10940;57;10923.5;0.0
3;109600;SNACKPACK_STRAWBERRY;10921;26;10919;59;;;10939;26;10941;59;;;10930.0;0.0
3;109700;SNACKPACK_STRAWBERRY;10914;32;10912;49;;;10932;32;10935;49;;;10923.0;0.0
3;109800;SNACKPACK_STRAWBERRY;10907;23;10905;48;;;10925;23;10928;48;;;10916.0;0.0
3;109900;SNACKPACK_STRAWBERRY;10920;38;10918;51;;;10939;38;10941;51;;;10929.5;0.0
3;110000;SNACKPACK_STRAWBERRY;10917;22;10914;45;;;10935;22;10937;45;;;10926.0;0.0
3;110100;SNACKPACK_STRAWBERRY;10914;32;10911;47;;;10932;32;10934;47;;;10923.0;0.0
3;110200;SNACKPACK_STRAWBERRY;10903;34;10900;60;;;10911;5;10921;34;10923;60;10907.0;0.0
3;110300;SNACKPACK_STRAWBERRY;10905;38;10903;59;;;10924;38;10926;59;;;10914.5;0.0
3;110400;SNACKPACK_STRAWBERRY;10911;21;10908;46;;;10929;21;10931;46;;;10920.0;0.0
3;110500;SNACKPACK_STRAWBERRY;10907;32;10905;59;;;10925;32;10927;59;;;10916.0;0.0
3;110600;SNACKPACK_STRAWBERRY;10910;25;10908;53;;;10928;25;10931;53;;;10919.0;0.0
3;110700;SNACKPACK_STRAWBERRY;10901;21;10898;56;;;10919;21;10921;56;;;10910.0;0.0
3;110800;SNACKPACK_STRAWBERRY;10893;32;10891;54;;;10911;32;10913;54;;;10902.0;0.0
3;110900;SNACKPACK_STRAWBERRY;10896;26;10894;50;;;10914;26;10916;50;;;10905.0;0.0
3;111000;SNACKPACK_STRAWBERRY;10907;32;10905;50;;;10925;32;10927;50;;;10916.0;0.0
3;111100;SNACKPACK_STRAWBERRY;10905;21;10903;40;;;10924;21;10926;40;;;10914.5;0.0
3;111200;SNACKPACK_STRAWBERRY;10911;28;10909;45;;;10929;28;10932;45;;;10920.0;0.0
3;111300;SNACKPACK_STRAWBERRY;10900;21;10898;52;;;10919;21;10921;52;;;10909.5;0.0
3;111400;SNACKPACK_STRAWBERRY;10898;37;10896;49;;;10917;37;10919;49;;;10907.5;0.0
3;111500;SNACKPACK_STRAWBERRY;10903;23;10901;47;;;10922;23;10924;47;;;10912.5;0.0
3;111600;SNACKPACK_STRAWBERRY;10896;31;10893;60;;;10914;31;10916;60;;;10905.0;0.0
3;111700;SNACKPACK_STRAWBERRY;10897;35;10895;44;;;10916;35;10918;44;;;10906.5;0.0
3;111800;SNACKPACK_STRAWBERRY;10898;36;10896;56;;;10917;36;10919;56;;;10907.5;0.0
3;111900;SNACKPACK_STRAWBERRY;10882;35;10880;48;;;10900;35;10902;48;;;10891.0;0.0
3;112000;SNACKPACK_STRAWBERRY;10878;31;10875;49;;;10896;31;10898;49;;;10887.0;0.0
3;112100;SNACKPACK_STRAWBERRY;10867;24;10865;51;;;10885;24;10887;51;;;10876.0;0.0
3;112200;SNACKPACK_STRAWBERRY;10862;25;10860;56;;;10881;25;10883;56;;;10871.5;0.0
3;112300;SNACKPACK_STRAWBERRY;10860;30;10858;52;;;10878;30;10880;52;;;10869.0;0.0
3;112400;SNACKPACK_STRAWBERRY;10863;4;10854;37;10852;44;10873;37;10875;44;;;10868.0;0.0
3;112500;SNACKPACK_STRAWBERRY;10858;27;10856;46;;;10876;27;10879;46;;;10867.0;0.0
3;112600;SNACKPACK_STRAWBERRY;10860;32;10858;40;;;10879;32;10881;40;;;10869.5;0.0
3;112700;SNACKPACK_STRAWBERRY;10845;24;10843;40;;;10864;24;10866;40;;;10854.5;0.0
3;112800;SNACKPACK_STRAWBERRY;10855;35;10853;48;;;10873;35;10876;48;;;10864.0;0.0
3;112900;SNACKPACK_STRAWBERRY;10859;31;10857;59;;;10877;31;10880;59;;;10868.0;0.0
3;113000;SNACKPACK_STRAWBERRY;10851;33;10849;45;;;10869;33;10871;45;;;10860.0;0.0
3;113100;SNACKPACK_STRAWBERRY;10862;30;10859;52;;;10880;30;10882;52;;;10871.0;0.0
3;113200;SNACKPACK_STRAWBERRY;10869;23;10867;41;;;10888;23;10890;41;;;10878.5;0.0
3;113300;SNACKPACK_STRAWBERRY;10874;23;10871;49;;;10892;23;10894;49;;;10883.0;0.0
3;113400;SNACKPACK_STRAWBERRY;10880;31;10878;47;;;10898;31;10901;47;;;10889.0;0.0
3;113500;SNACKPACK_STRAWBERRY;10892;34;10890;56;;;10911;34;10913;56;;;10901.5;0.0
3;113600;SNACKPACK_STRAWBERRY;10904;29;10902;43;;;10923;29;10925;43;;;10913.5;0.0
3;113700;SNACKPACK_STRAWBERRY;10908;32;10906;51;;;10926;32;10929;51;;;10917.0;0.0
3;113800;SNACKPACK_STRAWBERRY;10927;27;10925;40;;;10946;27;10948;40;;;10936.5;0.0
3;113900;SNACKPACK_STRAWBERRY;10920;20;10918;40;;;10939;20;10941;40;;;10929.5;0.0
3;114000;SNACKPACK_STRAWBERRY;10936;29;10934;51;;;10954;29;10957;51;;;10945.0;0.0
3;114100;SNACKPACK_STRAWBERRY;10926;38;10924;54;;;10945;38;10947;54;;;10935.5;0.0
3;114200;SNACKPACK_STRAWBERRY;10926;38;10924;58;;;10945;38;10947;58;;;10935.5;0.0
3;114300;SNACKPACK_STRAWBERRY;10928;29;10926;40;;;10946;29;10949;40;;;10937.0;0.0
3;114400;SNACKPACK_STRAWBERRY;10931;28;10929;51;;;10949;28;10951;51;;;10940.0;0.0
3;114500;SNACKPACK_STRAWBERRY;10922;27;10920;57;;;10940;27;10942;57;;;10931.0;0.0
3;114600;SNACKPACK_STRAWBERRY;10922;21;10920;54;;;10941;21;10943;54;;;10931.5;0.0
3;114700;SNACKPACK_STRAWBERRY;10937;23;10935;50;;;10956;23;10958;50;;;10946.5;0.0
3;114800;SNACKPACK_STRAWBERRY;10941;30;10939;50;;;10960;30;10962;50;;;10950.5;0.0
3;114900;SNACKPACK_STRAWBERRY;10942;29;10939;48;;;10960;29;10962;48;;;10951.0;0.0
3;115000;SNACKPACK_STRAWBERRY;10948;31;10946;56;;;10967;31;10969;56;;;10957.5;0.0
3;115100;SNACKPACK_STRAWBERRY;10937;20;10935;50;;;10956;20;10958;50;;;10946.5;0.0
3;115200;SNACKPACK_STRAWBERRY;10939;23;10937;45;;;10958;23;10960;45;;;10948.5;0.0
3;115300;SNACKPACK_STRAWBERRY;10947;30;10945;54;;;10966;30;10968;54;;;10956.5;0.0
3;115400;SNACKPACK_STRAWBERRY;10926;31;10924;60;;;10945;31;10947;60;;;10935.5;0.0
3;115500;SNACKPACK_STRAWBERRY;10928;24;10926;45;;;10947;24;10949;45;;;10937.5;0.0
3;115600;SNACKPACK_STRAWBERRY;10916;38;10914;42;;;10934;38;10937;42;;;10925.0;0.0
3;115700;SNACKPACK_STRAWBERRY;10916;34;10914;43;;;10934;34;10936;43;;;10925.0;0.0
3;115800;SNACKPACK_STRAWBERRY;10914;40;10912;44;;;10932;40;10935;44;;;10923.0;0.0
3;115900;SNACKPACK_STRAWBERRY;10907;36;10905;47;;;10926;36;10928;47;;;10916.5;0.0
3;116000;SNACKPACK_STRAWBERRY;10907;36;10905;44;;;10926;36;10928;44;;;10916.5;0.0
3;116100;SNACKPACK_STRAWBERRY;10917;21;10915;46;;;10935;21;10938;46;;;10926.0;0.0
3;116200;SNACKPACK_STRAWBERRY;10928;26;10925;48;;;10946;26;10948;48;;;10937.0;0.0
3;116300;SNACKPACK_STRAWBERRY;10916;21;10914;54;;;10934;21;10937;54;;;10925.0;0.0
3;116400;SNACKPACK_STRAWBERRY;10929;31;10927;58;;;10948;31;10950;58;;;10938.5;0.0
3;116500;SNACKPACK_STRAWBERRY;10928;26;10926;43;;;10947;26;10949;43;;;10937.5;0.0
3;116600;SNACKPACK_STRAWBERRY;10922;39;10920;56;;;10940;39;10942;56;;;10931.0;0.0
3;116700;SNACKPACK_STRAWBERRY;10911;28;10909;46;;;10930;28;10932;46;;;10920.5;0.0
3;116800;SNACKPACK_STRAWBERRY;10902;30;10900;55;;;10920;30;10923;55;;;10911.0;0.0
3;116900;SNACKPACK_STRAWBERRY;10903;27;10901;42;;;10921;27;10923;42;;;10912.0;0.0
3;117000;SNACKPACK_STRAWBERRY;10883;27;10881;50;;;10901;27;10904;50;;;10892.0;0.0
3;117100;SNACKPACK_STRAWBERRY;10891;21;10889;44;;;10910;21;10912;44;;;10900.5;0.0
3;117200;SNACKPACK_STRAWBERRY;10898;27;10896;42;;;10917;27;10919;42;;;10907.5;0.0
3;117300;SNACKPACK_STRAWBERRY;10908;31;10906;42;;;10927;31;10929;42;;;10917.5;0.0
3;117400;SNACKPACK_STRAWBERRY;10912;39;10910;50;;;10931;39;10933;50;;;10921.5;0.0
3;117500;SNACKPACK_STRAWBERRY;10909;22;10907;47;;;10928;22;10930;47;;;10918.5;0.0
3;117600;SNACKPACK_STRAWBERRY;10905;20;10903;46;;;10924;20;10926;46;;;10914.5;0.0
3;117700;SNACKPACK_STRAWBERRY;10923;40;10920;44;;;10941;40;10943;44;;;10932.0;0.0
3;117800;SNACKPACK_STRAWBERRY;10920;22;10918;41;;;10938;22;10941;41;;;10929.0;0.0
3;117900;SNACKPACK_STRAWBERRY;10924;37;10922;49;;;10942;37;10944;49;;;10933.0;0.0
3;118000;SNACKPACK_STRAWBERRY;10920;30;10918;59;;;10938;30;10941;59;;;10929.0;0.0
3;118100;SNACKPACK_STRAWBERRY;10922;39;10920;40;;;10941;39;10943;40;;;10931.5;0.0
3;118200;SNACKPACK_STRAWBERRY;10941;34;10939;46;;;10960;34;10962;46;;;10950.5;0.0
3;118300;SNACKPACK_STRAWBERRY;10936;26;10934;57;;;10955;26;10957;57;;;10945.5;0.0
3;118400;SNACKPACK_STRAWBERRY;10925;37;10923;57;;;10944;37;10946;57;;;10934.5;0.0
3;118500;SNACKPACK_STRAWBERRY;10931;5;10923;26;10921;47;10941;26;10943;47;;;10936.0;0.0
3;118600;SNACKPACK_STRAWBERRY;10921;37;10918;40;;;10939;37;10941;40;;;10930.0;0.0
3;118700;SNACKPACK_STRAWBERRY;10918;20;10915;41;;;10936;20;10938;41;;;10927.0;0.0
3;118800;SNACKPACK_STRAWBERRY;10911;28;10909;60;;;10929;28;10932;60;;;10920.0;0.0
3;118900;SNACKPACK_STRAWBERRY;10921;30;10918;54;;;10939;30;10941;54;;;10930.0;0.0
3;119000;SNACKPACK_STRAWBERRY;10922;27;10919;57;;;10930;6;10940;27;10942;57;10926.0;0.0
3;119100;SNACKPACK_STRAWBERRY;10899;39;10897;48;;;10918;39;10920;48;;;10908.5;0.0
3;119200;SNACKPACK_STRAWBERRY;10899;37;10897;44;;;10917;37;10919;44;;;10908.0;0.0
3;119300;SNACKPACK_STRAWBERRY;10881;31;10879;47;;;10900;31;10902;47;;;10890.5;0.0
3;119400;SNACKPACK_STRAWBERRY;10870;27;10868;46;;;10889;27;10891;46;;;10879.5;0.0
3;119500;SNACKPACK_STRAWBERRY;10875;24;10873;45;;;10893;24;10895;45;;;10884.0;0.0
3;119600;SNACKPACK_STRAWBERRY;10867;25;10865;60;;;10885;25;10888;60;;;10876.0;0.0
3;119700;SNACKPACK_STRAWBERRY;10870;20;10868;57;;;10888;20;10891;57;;;10879.0;0.0
3;119800;SNACKPACK_STRAWBERRY;10858;20;10856;43;;;10877;20;10879;43;;;10867.5;0.0
3;119900;SNACKPACK_STRAWBERRY;10862;32;10860;57;;;10871;2;10881;32;10883;57;10866.5;0.0
3;120000;SNACKPACK_STRAWBERRY;10864;32;10861;41;;;10882;32;10884;41;;;10873.0;0.0
3;120100;SNACKPACK_STRAWBERRY;10871;28;10869;41;;;10889;28;10892;41;;;10880.0;0.0
3;120200;SNACKPACK_STRAWBERRY;10864;23;10862;45;;;10882;23;10884;45;;;10873.0;0.0
3;120300;SNACKPACK_STRAWBERRY;10864;37;10861;42;;;10882;37;10884;42;;;10873.0;0.0
3;120400;SNACKPACK_STRAWBERRY;10857;34;10855;51;;;10875;34;10878;51;;;10866.0;0.0
3;120500;SNACKPACK_STRAWBERRY;10857;25;10855;43;;;10875;25;10878;43;;;10866.0;0.0
3;120600;SNACKPACK_STRAWBERRY;10870;28;10868;50;;;10889;28;10891;50;;;10879.5;0.0
3;120700;SNACKPACK_STRAWBERRY;10869;25;10867;60;;;10887;25;10890;60;;;10878.0;0.0
3;120800;SNACKPACK_STRAWBERRY;10870;39;10867;42;;;10888;39;10890;42;;;10879.0;0.0
3;120900;SNACKPACK_STRAWBERRY;10855;27;10852;55;;;10873;27;10875;55;;;10864.0;0.0
3;121000;SNACKPACK_STRAWBERRY;10849;39;10847;43;;;10867;39;10869;43;;;10858.0;0.0
3;121100;SNACKPACK_STRAWBERRY;10850;21;10848;48;;;10868;21;10870;48;;;10859.0;0.0
3;121200;SNACKPACK_STRAWBERRY;10848;28;10846;49;;;10866;28;10868;49;;;10857.0;0.0
3;121300;SNACKPACK_STRAWBERRY;10857;30;10854;45;;;10875;30;10877;45;;;10866.0;0.0
3;121400;SNACKPACK_STRAWBERRY;10871;29;10869;48;;;10890;29;10892;48;;;10880.5;0.0
3;121500;SNACKPACK_STRAWBERRY;10883;4;10874;27;10872;45;10893;27;10895;45;;;10888.0;0.0
3;121600;SNACKPACK_STRAWBERRY;10885;25;10883;50;;;10904;25;10906;50;;;10894.5;0.0
3;121700;SNACKPACK_STRAWBERRY;10899;29;10896;44;;;10917;29;10919;44;;;10908.0;0.0
3;121800;SNACKPACK_STRAWBERRY;10899;35;10897;58;;;10917;35;10920;58;;;10908.0;0.0
3;121900;SNACKPACK_STRAWBERRY;10906;35;10904;60;;;10924;35;10927;60;;;10915.0;0.0
3;122000;SNACKPACK_STRAWBERRY;10889;32;10887;44;;;10908;32;10910;44;;;10898.5;0.0
3;122100;SNACKPACK_STRAWBERRY;10897;35;10895;40;;;10915;35;10918;40;;;10906.0;0.0
3;122200;SNACKPACK_STRAWBERRY;10897;38;10895;44;;;10916;38;10918;44;;;10906.5;0.0
3;122300;SNACKPACK_STRAWBERRY;10903;27;10901;45;;;10922;27;10924;45;;;10912.5;0.0
3;122400;SNACKPACK_STRAWBERRY;10905;25;10903;60;;;10923;25;10926;60;;;10914.0;0.0
3;122500;SNACKPACK_STRAWBERRY;10902;28;10900;54;;;10920;28;10923;54;;;10911.0;0.0
3;122600;SNACKPACK_STRAWBERRY;10904;24;10902;52;;;10913;4;10923;24;10925;52;10908.5;0.0
