day;timestamp;product;bid_price_1;bid_volume_1;bid_price_2;bid_volume_2;bid_price_3;bid_volume_3;ask_price_1;ask_volume_1;ask_price_2;ask_volume_2;ask_price_3;ask_volume_3;mid_price;profit_and_loss
4;0;SNACKPACK_STRAWBERRY;10795;33;10793;42;;;10813;33;10815;42;;;10804.0;0.0
4;100;SNACKPACK_STRAWBERRY;10797;39;10794;59;;;10815;39;10817;59;;;10806.0;0.0
4;200;SNACKPACK_STRAWBERRY;10811;28;10809;41;;;10829;28;10832;41;;;10820.0;0.0
4;300;SNACKPACK_STRAWBERRY;10808;25;10806;56;;;10827;25;10829;56;;;10817.5;0.0
4;400;SNACKPACK_STRAWBERRY;10792;26;10790;54;;;10810;26;10813;54;;;10801.0;0.0
4;500;SNACKPACK_STRAWBERRY;10791;36;10788;47;;;10809;36;10811;47;;;10800.0;0.0
4;600;SNACKPACK_STRAWBERRY;10785;30;10783;42;;;10803;30;10805;42;;;10794.0;0.0
4;700;SNACKPACK_STRAWBERRY;10790;33;10788;40;;;10808;33;10810;40;;;10799.0;0.0
4;800;SNACKPACK_STRAWBERRY;10809;35;10807;47;;;10828;35;10830;47;;;10818.5;0.0
4;900;SNACKPACK_STRAWBERRY;10801;23;10799;50;;;10819;23;10821;50;;;10810.0;0.0
4;1000;SNACKPACK_STRAWBERRY;10796;22;10794;59;;;10814;22;10816;59;;;10805.0;0.0
4;1100;SNACKPACK_STRAWBERRY;10797;33;10795;53;;;10816;33;10818;53;;;10806.5;0.0
4;1200;SNACKPACK_STRAWBERRY;10812;30;10810;48;;;10831;30;10833;48;;;10821.5;0.0
4;1300;SNACKPACK_STRAWBERRY;10801;34;10799;58;;;10819;34;10821;58;;;10810.0;0.0
4;1400;SNACKPACK_STRAWBERRY;10810;20;10808;47;;;10828;20;10830;47;;;10819.0;0.0
4;1500;SNACKPACK_STRAWBERRY;10815;27;10813;45;;;10833;27;10835;45;;;10824.0;0.0
4;1600;SNACKPACK_STRAWBERRY;10817;34;10815;46;;;10836;34;10838;46;;;10826.5;0.0
4;1700;SNACKPACK_STRAWBERRY;10819;24;10817;44;;;10837;24;10839;44;;;10828.0;0.0
4;1800;SNACKPACK_STRAWBERRY;10807;28;10805;49;;;10825;28;10827;49;;;10816.0;0.0
4;1900;SNACKPACK_STRAWBERRY;10798;20;10796;57;;;10816;20;10818;57;;;10807.0;0.0
4;2000;SNACKPACK_STRAWBERRY;10792;34;10789;59;;;10810;34;10812;59;;;10801.0;0.0
4;2100;SNACKPACK_STRAWBERRY;10793;34;10791;58;;;10812;34;10814;58;;;10802.5;0.0
4;2200;SNACKPACK_STRAWBERRY;10797;37;10795;59;;;10816;37;10818;59;;;10806.5;0.0
4;2300;SNACKPACK_STRAWBERRY;10790;22;10788;45;;;10808;22;10811;45;;;10799.0;0.0
4;2400;SNACKPACK_STRAWBERRY;10798;26;10796;50;;;10816;26;10818;50;;;10807.0;0.0
4;2500;SNACKPACK_STRAWBERRY;10801;33;10799;44;;;10820;33;10822;44;;;10810.5;0.0
4;2600;SNACKPACK_STRAWBERRY;10804;22;10802;56;;;10822;22;10825;56;;;10813.0;0.0
4;2700;SNACKPACK_STRAWBERRY;10803;33;10801;45;;;10821;33;10823;45;;;10812.0;0.0
4;2800;SNACKPACK_STRAWBERRY;10786;27;10784;50;;;10804;27;10806;50;;;10795.0;0.0
4;2900;SNACKPACK_STRAWBERRY;10793;38;10790;44;;;10811;38;10813;44;;;10802.0;0.0
4;3000;SNACKPACK_STRAWBERRY;10798;20;10796;50;;;10816;20;10819;50;;;10807.0;0.0
4;3100;SNACKPACK_STRAWBERRY;10786;20;10784;53;;;10804;20;10806;53;;;10795.0;0.0
4;3200;SNACKPACK_STRAWBERRY;10774;32;10772;53;;;10792;32;10794;53;;;10783.0;0.0
4;3300;SNACKPACK_STRAWBERRY;10769;38;10767;58;;;10788;38;10790;58;;;10778.5;0.0
4;3400;SNACKPACK_STRAWBERRY;10764;33;10761;41;;;10782;33;10784;41;;;10773.0;0.0
4;3500;SNACKPACK_STRAWBERRY;10766;26;10764;45;;;10784;26;10786;45;;;10775.0;0.0
4;3600;SNACKPACK_STRAWBERRY;10761;33;10759;44;;;10779;33;10782;44;;;10770.0;0.0
4;3700;SNACKPACK_STRAWBERRY;10768;39;10765;44;;;10786;39;10788;44;;;10777.0;0.0
4;3800;SNACKPACK_STRAWBERRY;10755;33;10753;41;;;10773;33;10775;41;;;10764.0;0.0
4;3900;SNACKPACK_STRAWBERRY;10757;21;10755;47;;;10776;21;10778;47;;;10766.5;0.0
4;4000;SNACKPACK_STRAWBERRY;10760;28;10758;52;;;10779;28;10781;52;;;10769.5;0.0
4;4100;SNACKPACK_STRAWBERRY;10769;33;10767;54;;;10788;33;10790;54;;;10778.5;0.0
4;4200;SNACKPACK_STRAWBERRY;10777;34;10774;54;;;10795;34;10797;54;;;10786.0;0.0
4;4300;SNACKPACK_STRAWBERRY;10775;34;10773;53;;;10793;34;10796;53;;;10784.0;0.0
4;4400;SNACKPACK_STRAWBERRY;10789;21;10786;48;;;10807;21;10809;48;;;10798.0;0.0
4;4500;SNACKPACK_STRAWBERRY;10795;24;10793;55;;;10813;24;10815;55;;;10804.0;0.0
4;4600;SNACKPACK_STRAWBERRY;10799;23;10796;50;;;10817;23;10819;50;;;10808.0;0.0
4;4700;SNACKPACK_STRAWBERRY;10794;31;10791;51;;;10812;31;10814;51;;;10803.0;0.0
4;4800;SNACKPACK_STRAWBERRY;10783;39;10780;59;;;10801;39;10803;59;;;10792.0;0.0
4;4900;SNACKPACK_STRAWBERRY;10784;25;10782;59;;;10802;25;10804;59;;;10793.0;0.0
4;5000;SNACKPACK_STRAWBERRY;10789;23;10787;57;;;10807;23;10810;57;;;10798.0;0.0
4;5100;SNACKPACK_STRAWBERRY;10783;39;10781;56;;;10802;39;10804;56;;;10792.5;0.0
4;5200;SNACKPACK_STRAWBERRY;10806;20;10804;55;;;10825;20;10827;55;;;10815.5;0.0
4;5300;SNACKPACK_STRAWBERRY;10807;25;10805;40;;;10825;25;10827;40;;;10816.0;0.0
4;5400;SNACKPACK_STRAWBERRY;10804;32;10802;58;;;10822;32;10824;58;;;10813.0;0.0
4;5500;SNACKPACK_STRAWBERRY;10812;32;10810;52;;;10830;32;10833;52;;;10821.0;0.0
4;5600;SNACKPACK_STRAWBERRY;10818;32;10815;41;;;10836;32;10838;41;;;10827.0;0.0
4;5700;SNACKPACK_STRAWBERRY;10813;31;10810;43;;;10831;31;10833;43;;;10822.0;0.0
4;5800;SNACKPACK_STRAWBERRY;10819;30;10817;42;;;10838;30;10840;42;;;10828.5;0.0
4;5900;SNACKPACK_STRAWBERRY;10814;37;10811;47;;;10832;37;10834;47;;;10823.0;0.0
4;6000;SNACKPACK_STRAWBERRY;10807;28;10805;57;;;10825;28;10827;57;;;10816.0;0.0
4;6100;SNACKPACK_STRAWBERRY;10813;22;10811;49;;;10832;22;10834;49;;;10822.5;0.0
4;6200;SNACKPACK_STRAWBERRY;10824;26;10821;49;;;10842;26;10844;49;;;10833.0;0.0
4;6300;SNACKPACK_STRAWBERRY;10830;36;10828;48;;;10848;36;10850;48;;;10839.0;0.0
4;6400;SNACKPACK_STRAWBERRY;10830;26;10828;48;;;10849;26;10851;48;;;10839.5;0.0
4;6500;SNACKPACK_STRAWBERRY;10844;30;10841;48;;;10862;30;10864;48;;;10853.0;0.0
4;6600;SNACKPACK_STRAWBERRY;10845;36;10843;49;;;10863;36;10865;49;;;10854.0;0.0
4;6700;SNACKPACK_STRAWBERRY;10825;35;10823;56;;;10844;35;10846;56;;;10834.5;0.0
4;6800;SNACKPACK_STRAWBERRY;10821;25;10818;50;;;10839;25;10841;50;;;10830.0;0.0
4;6900;SNACKPACK_STRAWBERRY;10828;36;10826;53;;;10846;36;10848;53;;;10837.0;0.0
4;7000;SNACKPACK_STRAWBERRY;10828;39;10825;44;;;10846;39;10848;44;;;10837.0;0.0
4;7100;SNACKPACK_STRAWBERRY;10835;29;10833;52;;;10853;29;10855;52;;;10844.0;0.0
4;7200;SNACKPACK_STRAWBERRY;10837;27;10835;53;;;10855;27;10858;53;;;10846.0;0.0
4;7300;SNACKPACK_STRAWBERRY;10823;35;10821;57;;;10842;35;10844;57;;;10832.5;0.0
4;7400;SNACKPACK_STRAWBERRY;10821;22;10819;54;;;10839;22;10842;54;;;10830.0;0.0
4;7500;SNACKPACK_STRAWBERRY;10823;24;10821;60;;;10841;24;10844;60;;;10832.0;0.0
4;7600;SNACKPACK_STRAWBERRY;10832;40;10830;52;;;10851;40;10853;52;;;10841.5;0.0
4;7700;SNACKPACK_STRAWBERRY;10833;38;10831;51;;;10852;38;10854;51;;;10842.5;0.0
4;7800;SNACKPACK_STRAWBERRY;10822;35;10820;57;;;10840;35;10843;57;;;10831.0;0.0
4;7900;SNACKPACK_STRAWBERRY;10808;20;10806;48;;;10826;20;10829;48;;;10817.0;0.0
4;8000;SNACKPACK_STRAWBERRY;10808;33;10806;54;;;10827;33;10829;54;;;10817.5;0.0
4;8100;SNACKPACK_STRAWBERRY;10800;36;10798;49;;;10818;36;10820;49;;;10809.0;0.0
4;8200;SNACKPACK_STRAWBERRY;10800;21;10798;41;;;10819;21;10821;41;;;10809.5;0.0
4;8300;SNACKPACK_STRAWBERRY;10801;31;10799;49;;;10819;31;10821;49;;;10810.0;0.0
4;8400;SNACKPACK_STRAWBERRY;10809;35;10806;43;;;10827;35;10829;43;;;10818.0;0.0
4;8500;SNACKPACK_STRAWBERRY;10801;28;10799;60;;;10820;28;10822;60;;;10810.5;0.0
4;8600;SNACKPACK_STRAWBERRY;10806;22;10804;49;;;10825;22;10827;49;;;10815.5;0.0
4;8700;SNACKPACK_STRAWBERRY;10795;35;10793;44;;;10813;35;10815;44;;;10804.0;0.0
4;8800;SNACKPACK_STRAWBERRY;10794;34;10791;44;;;10812;34;10814;44;;;10803.0;0.0
4;8900;SNACKPACK_STRAWBERRY;10784;26;10782;48;;;10803;26;10805;48;;;10793.5;0.0
4;9000;SNACKPACK_STRAWBERRY;10787;2;10778;28;10776;40;10797;28;10799;40;;;10792.0;0.0
4;9100;SNACKPACK_STRAWBERRY;10784;40;10781;42;;;10802;40;10804;42;;;10793.0;0.0
4;9200;SNACKPACK_STRAWBERRY;10784;37;10782;58;;;10802;37;10804;58;;;10793.0;0.0
4;9300;SNACKPACK_STRAWBERRY;10785;36;10783;47;;;10804;36;10806;47;;;10794.5;0.0
4;9400;SNACKPACK_STRAWBERRY;10780;39;10778;42;;;10798;39;10801;42;;;10789.0;0.0
4;9500;SNACKPACK_STRAWBERRY;10770;27;10768;59;;;10788;27;10790;59;;;10779.0;0.0
4;9600;SNACKPACK_STRAWBERRY;10761;36;10759;55;;;10780;36;10782;55;;;10770.5;0.0
4;9700;SNACKPACK_STRAWBERRY;10770;39;10768;43;;;10788;39;10790;43;;;10779.0;0.0
4;9800;SNACKPACK_STRAWBERRY;10788;31;10786;52;;;10807;31;10809;52;;;10797.5;0.0
4;9900;SNACKPACK_STRAWBERRY;10783;21;10781;49;;;10801;21;10803;49;;;10792.0;0.0
4;10000;SNACKPACK_STRAWBERRY;10772;24;10770;53;;;10791;24;10793;53;;;10781.5;0.0
4;10100;SNACKPACK_STRAWBERRY;10782;35;10780;51;;;10800;35;10802;51;;;10791.0;0.0
4;10200;SNACKPACK_STRAWBERRY;10796;34;10794;56;;;10814;34;10816;56;;;10805.0;0.0
4;10300;SNACKPACK_STRAWBERRY;10801;24;10799;51;;;10820;24;10822;51;;;10810.5;0.0
4;10400;SNACKPACK_STRAWBERRY;10815;35;10812;42;;;10833;35;10835;42;;;10824.0;0.0
4;10500;SNACKPACK_STRAWBERRY;10804;37;10802;60;;;10822;37;10824;60;;;10813.0;0.0
4;10600;SNACKPACK_STRAWBERRY;10806;20;10804;58;;;10815;6;10825;20;10827;58;10810.5;0.0
4;10700;SNACKPACK_STRAWBERRY;10796;31;10793;45;;;10814;31;10816;45;;;10805.0;0.0
4;10800;SNACKPACK_STRAWBERRY;10787;30;10785;58;;;10805;30;10808;58;;;10796.0;0.0
4;10900;SNACKPACK_STRAWBERRY;10792;37;10790;47;;;10810;37;10812;47;;;10801.0;0.0
4;11000;SNACKPACK_STRAWBERRY;10801;28;10798;40;;;10819;28;10821;40;;;10810.0;0.0
4;11100;SNACKPACK_STRAWBERRY;10803;33;10801;48;;;10821;33;10824;48;;;10812.0;0.0
4;11200;SNACKPACK_STRAWBERRY;10799;22;10797;43;;;10817;22;10819;43;;;10808.0;0.0
4;11300;SNACKPACK_STRAWBERRY;10798;20;10796;48;;;10816;20;10818;48;;;10807.0;0.0
4;11400;SNACKPACK_STRAWBERRY;10797;29;10795;57;;;10816;29;10818;57;;;10806.5;0.0
4;11500;SNACKPACK_STRAWBERRY;10803;24;10801;47;;;10822;24;10824;47;;;10812.5;0.0
4;11600;SNACKPACK_STRAWBERRY;10815;29;10813;40;;;10834;29;10836;40;;;10824.5;0.0
4;11700;SNACKPACK_STRAWBERRY;10826;25;10824;42;;;10844;25;10847;42;;;10835.0;0.0
4;11800;SNACKPACK_STRAWBERRY;10811;20;10809;42;;;10829;20;10831;42;;;10820.0;0.0
4;11900;SNACKPACK_STRAWBERRY;10822;21;10820;45;;;10840;21;10842;45;;;10831.0;0.0
4;12000;SNACKPACK_STRAWBERRY;10829;33;10826;46;;;10847;33;10849;46;;;10838.0;0.0
4;12100;SNACKPACK_STRAWBERRY;10829;27;10827;43;;;10848;27;10850;43;;;10838.5;0.0
4;12200;SNACKPACK_STRAWBERRY;10834;34;10832;54;;;10853;34;10855;54;;;10843.5;0.0
4;12300;SNACKPACK_STRAWBERRY;10837;31;10834;52;;;10855;31;10857;52;;;10846.0;0.0
4;12400;SNACKPACK_STRAWBERRY;10844;20;10841;56;;;10862;20;10864;56;;;10853.0;0.0
4;12500;SNACKPACK_STRAWBERRY;10848;30;10846;42;;;10867;30;10869;42;;;10857.5;0.0
4;12600;SNACKPACK_STRAWBERRY;10853;33;10851;58;;;10871;33;10874;58;;;10862.0;0.0
4;12700;SNACKPACK_STRAWBERRY;10861;5;10853;22;10850;54;10871;22;10873;54;;;10866.0;0.0
4;12800;SNACKPACK_STRAWBERRY;10849;21;10847;58;;;10867;21;10870;58;;;10858.0;0.0
4;12900;SNACKPACK_STRAWBERRY;10850;33;10848;41;;;10869;33;10871;41;;;10859.5;0.0
4;13000;SNACKPACK_STRAWBERRY;10846;25;10843;47;;;10864;25;10866;47;;;10855.0;0.0
4;13100;SNACKPACK_STRAWBERRY;10840;26;10838;40;;;10859;26;10861;40;;;10849.5;0.0
4;13200;SNACKPACK_STRAWBERRY;10835;35;10833;41;;;10854;35;10856;41;;;10844.5;0.0
4;13300;SNACKPACK_STRAWBERRY;10841;38;10839;45;;;10860;38;10862;45;;;10850.5;0.0
4;13400;SNACKPACK_STRAWBERRY;10844;34;10841;55;;;10862;34;10864;55;;;10853.0;0.0
4;13500;SNACKPACK_STRAWBERRY;10851;34;10849;52;;;10869;34;10871;52;;;10860.0;0.0
4;13600;SNACKPACK_STRAWBERRY;10853;20;10851;49;;;10871;20;10874;49;;;10862.0;0.0
4;13700;SNACKPACK_STRAWBERRY;10859;40;10857;42;;;10878;40;10880;42;;;10868.5;0.0
4;13800;SNACKPACK_STRAWBERRY;10862;29;10860;52;;;10880;29;10882;52;;;10871.0;0.0
4;13900;SNACKPACK_STRAWBERRY;10862;30;10860;52;;;10881;30;10883;52;;;10871.5;0.0
4;14000;SNACKPACK_STRAWBERRY;10854;25;10851;42;;;10872;25;10874;42;;;10863.0;0.0
4;14100;SNACKPACK_STRAWBERRY;10839;34;10837;58;;;10858;34;10860;58;;;10848.5;0.0
4;14200;SNACKPACK_STRAWBERRY;10840;39;10838;49;;;10859;39;10861;49;;;10849.5;0.0
4;14300;SNACKPACK_STRAWBERRY;10838;34;10836;42;;;10857;34;10859;42;;;10847.5;0.0
4;14400;SNACKPACK_STRAWBERRY;10830;20;10828;52;;;10849;20;10851;52;;;10839.5;0.0
4;14500;SNACKPACK_STRAWBERRY;10822;38;10820;60;;;10840;38;10842;60;;;10831.0;0.0
4;14600;SNACKPACK_STRAWBERRY;10821;33;10819;43;;;10839;33;10841;43;;;10830.0;0.0
4;14700;SNACKPACK_STRAWBERRY;10824;33;10822;51;;;10842;33;10845;51;;;10833.0;0.0
4;14800;SNACKPACK_STRAWBERRY;10829;21;10826;41;;;10847;21;10849;41;;;10838.0;0.0
4;14900;SNACKPACK_STRAWBERRY;10830;20;10828;43;;;10849;20;10851;43;;;10839.5;0.0
4;15000;SNACKPACK_STRAWBERRY;10833;31;10831;60;;;10851;31;10853;60;;;10842.0;0.0
4;15100;SNACKPACK_STRAWBERRY;10833;40;10831;56;;;10851;40;10853;56;;;10842.0;0.0
4;15200;SNACKPACK_STRAWBERRY;10833;22;10831;53;;;10852;22;10854;53;;;10842.5;0.0
4;15300;SNACKPACK_STRAWBERRY;10827;21;10825;57;;;10845;21;10847;57;;;10836.0;0.0
4;15400;SNACKPACK_STRAWBERRY;10816;37;10813;42;;;10834;37;10836;42;;;10825.0;0.0
4;15500;SNACKPACK_STRAWBERRY;10806;27;10804;50;;;10825;27;10827;50;;;10815.5;0.0
4;15600;SNACKPACK_STRAWBERRY;10801;24;10798;40;;;10819;24;10821;40;;;10810.0;0.0
4;15700;SNACKPACK_STRAWBERRY;10811;38;10809;44;;;10830;38;10832;44;;;10820.5;0.0
4;15800;SNACKPACK_STRAWBERRY;10792;32;10789;47;;;10810;32;10812;47;;;10801.0;0.0
4;15900;SNACKPACK_STRAWBERRY;10792;31;10790;43;;;10810;31;10813;43;;;10801.0;0.0
4;16000;SNACKPACK_STRAWBERRY;10794;37;10791;53;;;10812;37;10814;53;;;10803.0;0.0
4;16100;SNACKPACK_STRAWBERRY;10789;34;10786;57;;;10807;34;10809;57;;;10798.0;0.0
4;16200;SNACKPACK_STRAWBERRY;10805;26;10803;53;;;10824;26;10826;53;;;10814.5;0.0
4;16300;SNACKPACK_STRAWBERRY;10808;36;10806;45;;;10826;36;10828;45;;;10817.0;0.0
4;16400;SNACKPACK_STRAWBERRY;10803;28;10801;57;;;10821;28;10823;57;;;10812.0;0.0
4;16500;SNACKPACK_STRAWBERRY;10810;37;10807;41;;;10828;37;10830;41;;;10819.0;0.0
4;16600;SNACKPACK_STRAWBERRY;10816;37;10814;50;;;10834;37;10836;50;;;10825.0;0.0
4;16700;SNACKPACK_STRAWBERRY;10811;31;10808;42;;;10829;31;10831;42;;;10820.0;0.0
4;16800;SNACKPACK_STRAWBERRY;10806;34;10804;53;;;10824;34;10826;53;;;10815.0;0.0
4;16900;SNACKPACK_STRAWBERRY;10797;39;10795;43;;;10815;39;10817;43;;;10806.0;0.0
4;17000;SNACKPACK_STRAWBERRY;10807;36;10804;46;;;10825;36;10827;46;;;10816.0;0.0
4;17100;SNACKPACK_STRAWBERRY;10793;36;10791;46;;;10811;36;10814;46;;;10802.0;0.0
4;17200;SNACKPACK_STRAWBERRY;10793;30;10791;46;;;10811;30;10813;46;;;10802.0;0.0
4;17300;SNACKPACK_STRAWBERRY;10789;36;10787;54;;;10808;36;10810;54;;;10798.5;0.0
4;17400;SNACKPACK_STRAWBERRY;10788;25;10786;52;;;10807;25;10809;52;;;10797.5;0.0
4;17500;SNACKPACK_STRAWBERRY;10811;6;10802;21;10800;44;10820;21;10823;44;;;10815.5;0.0
4;17600;SNACKPACK_STRAWBERRY;10793;34;10791;57;;;10811;34;10814;57;;;10802.0;0.0
4;17700;SNACKPACK_STRAWBERRY;10790;25;10788;50;;;10808;25;10810;50;;;10799.0;0.0
4;17800;SNACKPACK_STRAWBERRY;10788;32;10786;48;;;10806;32;10809;48;;;10797.0;0.0
4;17900;SNACKPACK_STRAWBERRY;10784;36;10782;41;;;10802;36;10805;41;;;10793.0;0.0
4;18000;SNACKPACK_STRAWBERRY;10796;31;10794;44;;;10814;31;10817;44;;;10805.0;0.0
4;18100;SNACKPACK_STRAWBERRY;10798;34;10796;47;;;10816;34;10818;47;;;10807.0;0.0
4;18200;SNACKPACK_STRAWBERRY;10806;22;10803;41;;;10824;22;10826;41;;;10815.0;0.0
4;18300;SNACKPACK_STRAWBERRY;10798;21;10796;58;;;10817;21;10819;58;;;10807.5;0.0
4;18400;SNACKPACK_STRAWBERRY;10797;27;10795;42;;;10816;27;10818;42;;;10806.5;0.0
4;18500;SNACKPACK_STRAWBERRY;10793;37;10791;55;;;10812;37;10814;55;;;10802.5;0.0
4;18600;SNACKPACK_STRAWBERRY;10799;26;10797;59;;;10817;26;10819;59;;;10808.0;0.0
4;18700;SNACKPACK_STRAWBERRY;10798;23;10795;53;;;10816;23;10818;53;;;10807.0;0.0
4;18800;SNACKPACK_STRAWBERRY;10794;40;10792;42;;;10812;40;10814;42;;;10803.0;0.0
4;18900;SNACKPACK_STRAWBERRY;10781;21;10779;50;;;10800;21;10802;50;;;10790.5;0.0
4;19000;SNACKPACK_STRAWBERRY;10785;30;10783;45;;;10803;30;10805;45;;;10794.0;0.0
4;19100;SNACKPACK_STRAWBERRY;10771;21;10769;47;;;10789;21;10791;47;;;10780.0;0.0
4;19200;SNACKPACK_STRAWBERRY;10774;20;10772;41;;;10792;20;10795;41;;;10783.0;0.0
4;19300;SNACKPACK_STRAWBERRY;10771;39;10769;56;;;10790;39;10792;56;;;10780.5;0.0
4;19400;SNACKPACK_STRAWBERRY;10763;28;10761;42;;;10781;28;10784;42;;;10772.0;0.0
4;19500;SNACKPACK_STRAWBERRY;10768;24;10766;40;;;10786;24;10788;40;;;10777.0;0.0
4;19600;SNACKPACK_STRAWBERRY;10764;27;10762;58;;;10782;27;10784;58;;;10773.0;0.0
4;19700;SNACKPACK_STRAWBERRY;10762;26;10760;40;;;10781;26;10783;40;;;10771.5;0.0
4;19800;SNACKPACK_STRAWBERRY;10761;31;10759;53;;;10780;31;10782;53;;;10770.5;0.0
4;19900;SNACKPACK_STRAWBERRY;10753;26;10750;58;;;10771;26;10773;58;;;10762.0;0.0
4;20000;SNACKPACK_STRAWBERRY;10749;20;10747;49;;;10768;20;10770;49;;;10758.5;0.0
4;20100;SNACKPACK_STRAWBERRY;10734;39;10732;40;;;10752;39;10754;40;;;10743.0;0.0
4;20200;SNACKPACK_STRAWBERRY;10732;35;10730;56;;;10751;35;10753;56;;;10741.5;0.0
4;20300;SNACKPACK_STRAWBERRY;10722;28;10720;51;;;10740;28;10742;51;;;10731.0;0.0
4;20400;SNACKPACK_STRAWBERRY;10729;20;10727;50;;;10747;20;10749;50;;;10738.0;0.0
4;20500;SNACKPACK_STRAWBERRY;10737;22;10735;55;;;10755;22;10757;55;;;10746.0;0.0
4;20600;SNACKPACK_STRAWBERRY;10741;37;10739;57;;;10759;37;10761;57;;;10750.0;0.0
4;20700;SNACKPACK_STRAWBERRY;10754;25;10752;50;;;10772;25;10774;50;;;10763.0;0.0
4;20800;SNACKPACK_STRAWBERRY;10758;27;10756;49;;;10776;27;10778;49;;;10767.0;0.0
4;20900;SNACKPACK_STRAWBERRY;10760;28;10758;41;;;10778;28;10780;41;;;10769.0;0.0
4;21000;SNACKPACK_STRAWBERRY;10761;30;10759;56;;;10779;30;10781;56;;;10770.0;0.0
4;21100;SNACKPACK_STRAWBERRY;10751;28;10749;49;;;10769;28;10772;49;;;10760.0;0.0
4;21200;SNACKPACK_STRAWBERRY;10753;30;10751;52;;;10771;30;10773;52;;;10762.0;0.0
4;21300;SNACKPACK_STRAWBERRY;10764;23;10762;56;;;10782;23;10784;56;;;10773.0;0.0
4;21400;SNACKPACK_STRAWBERRY;10767;37;10765;59;;;10785;37;10788;59;;;10776.0;0.0
4;21500;SNACKPACK_STRAWBERRY;10765;34;10763;54;;;10783;34;10785;54;;;10774.0;0.0
4;21600;SNACKPACK_STRAWBERRY;10774;30;10771;50;;;10792;30;10794;50;;;10783.0;0.0
4;21700;SNACKPACK_STRAWBERRY;10770;27;10768;56;;;10789;27;10791;56;;;10779.5;0.0
4;21800;SNACKPACK_STRAWBERRY;10776;39;10773;41;;;10794;39;10796;41;;;10785.0;0.0
4;21900;SNACKPACK_STRAWBERRY;10765;40;10763;44;;;10783;40;10785;44;;;10774.0;0.0
4;22000;SNACKPACK_STRAWBERRY;10760;34;10758;59;;;10778;34;10780;59;;;10769.0;0.0
4;22100;SNACKPACK_STRAWBERRY;10755;35;10753;60;;;10774;35;10776;60;;;10764.5;0.0
4;22200;SNACKPACK_STRAWBERRY;10758;26;10756;59;;;10776;26;10779;59;;;10767.0;0.0
4;22300;SNACKPACK_STRAWBERRY;10761;35;10759;55;;;10779;35;10781;55;;;10770.0;0.0
4;22400;SNACKPACK_STRAWBERRY;10764;25;10762;55;;;10782;25;10784;55;;;10773.0;0.0
4;22500;SNACKPACK_STRAWBERRY;10765;23;10763;60;;;10783;23;10785;60;;;10774.0;0.0
4;22600;SNACKPACK_STRAWBERRY;10750;26;10748;50;;;10768;26;10771;50;;;10759.0;0.0
4;22700;SNACKPACK_STRAWBERRY;10746;26;10744;41;;;10765;26;10767;41;;;10755.5;0.0
4;22800;SNACKPACK_STRAWBERRY;10740;40;10738;53;;;10758;40;10761;53;;;10749.0;0.0
4;22900;SNACKPACK_STRAWBERRY;10735;33;10733;55;;;10753;33;10755;55;;;10744.0;0.0
4;23000;SNACKPACK_STRAWBERRY;10729;23;10726;45;;;10747;23;10749;45;;;10738.0;0.0
4;23100;SNACKPACK_STRAWBERRY;10714;32;10712;54;;;10732;32;10734;54;;;10723.0;0.0
4;23200;SNACKPACK_STRAWBERRY;10726;35;10724;60;;;10745;35;10747;60;;;10735.5;0.0
4;23300;SNACKPACK_STRAWBERRY;10734;40;10732;49;;;10752;40;10754;49;;;10743.0;0.0
4;23400;SNACKPACK_STRAWBERRY;10727;34;10724;51;;;10745;34;10747;51;;;10736.0;0.0
4;23500;SNACKPACK_STRAWBERRY;10710;22;10707;40;;;10728;22;10730;40;;;10719.0;0.0
4;23600;SNACKPACK_STRAWBERRY;10703;27;10701;44;;;10721;27;10724;44;;;10712.0;0.0
4;23700;SNACKPACK_STRAWBERRY;10705;22;10702;48;;;10723;22;10725;48;;;10714.0;0.0
4;23800;SNACKPACK_STRAWBERRY;10708;39;10706;51;;;10726;39;10728;51;;;10717.0;0.0
4;23900;SNACKPACK_STRAWBERRY;10700;25;10698;41;;;10718;25;10720;41;;;10709.0;0.0
4;24000;SNACKPACK_STRAWBERRY;10705;21;10703;51;;;10723;21;10725;51;;;10714.0;0.0
4;24100;SNACKPACK_STRAWBERRY;10698;23;10696;57;;;10716;23;10719;57;;;10707.0;0.0
4;24200;SNACKPACK_STRAWBERRY;10706;36;10704;47;;;10724;36;10726;47;;;10715.0;0.0
4;24300;SNACKPACK_STRAWBERRY;10707;29;10705;52;;;10725;29;10727;52;;;10716.0;0.0
4;24400;SNACKPACK_STRAWBERRY;10697;25;10695;56;;;10715;25;10717;56;;;10706.0;0.0
4;24500;SNACKPACK_STRAWBERRY;10700;28;10698;44;;;10718;28;10720;44;;;10709.0;0.0
4;24600;SNACKPACK_STRAWBERRY;10696;28;10694;47;;;10714;28;10717;47;;;10705.0;0.0
4;24700;SNACKPACK_STRAWBERRY;10698;39;10696;45;;;10716;39;10718;45;;;10707.0;0.0
4;24800;SNACKPACK_STRAWBERRY;10715;4;10706;34;10704;40;10724;34;10727;40;;;10719.5;0.0
4;24900;SNACKPACK_STRAWBERRY;10710;25;10708;58;;;10728;25;10730;58;;;10719.0;0.0
4;25000;SNACKPACK_STRAWBERRY;10708;22;10706;47;;;10726;22;10728;47;;;10717.0;0.0
4;25100;SNACKPACK_STRAWBERRY;10705;34;10703;42;;;10723;34;10725;42;;;10714.0;0.0
4;25200;SNACKPACK_STRAWBERRY;10708;27;10706;41;;;10726;27;10728;41;;;10717.0;0.0
4;25300;SNACKPACK_STRAWBERRY;10703;40;10701;59;;;10721;40;10723;59;;;10712.0;0.0
4;25400;SNACKPACK_STRAWBERRY;10709;30;10707;58;;;10727;30;10729;58;;;10718.0;0.0
4;25500;SNACKPACK_STRAWBERRY;10717;22;10715;55;;;10736;22;10738;55;;;10726.5;0.0
4;25600;SNACKPACK_STRAWBERRY;10719;28;10717;42;;;10737;28;10739;42;;;10728.0;0.0
4;25700;SNACKPACK_STRAWBERRY;10725;31;10723;49;;;10743;31;10746;49;;;10734.0;0.0
4;25800;SNACKPACK_STRAWBERRY;10734;36;10732;54;;;10753;36;10755;54;;;10743.5;0.0
4;25900;SNACKPACK_STRAWBERRY;10731;40;10729;48;;;10749;40;10751;48;;;10740.0;0.0
4;26000;SNACKPACK_STRAWBERRY;10729;33;10727;50;;;10748;33;10750;50;;;10738.5;0.0
4;26100;SNACKPACK_STRAWBERRY;10721;23;10719;45;;;10739;23;10741;45;;;10730.0;0.0
4;26200;SNACKPACK_STRAWBERRY;10713;39;10710;55;;;10731;39;10733;55;;;10722.0;0.0
4;26300;SNACKPACK_STRAWBERRY;10704;22;10702;58;;;10722;22;10725;58;;;10713.0;0.0
4;26400;SNACKPACK_STRAWBERRY;10718;6;10709;31;10707;50;10728;31;10730;50;;;10723.0;0.0
4;26500;SNACKPACK_STRAWBERRY;10711;35;10708;54;;;10729;35;10731;54;;;10720.0;0.0
4;26600;SNACKPACK_STRAWBERRY;10702;26;10699;40;;;10720;26;10722;40;;;10711.0;0.0
4;26700;SNACKPACK_STRAWBERRY;10700;39;10698;42;;;10718;39;10720;42;;;10709.0;0.0
4;26800;SNACKPACK_STRAWBERRY;10698;35;10696;59;;;10716;35;10718;59;;;10707.0;0.0
4;26900;SNACKPACK_STRAWBERRY;10712;32;10710;57;;;10730;32;10732;57;;;10721.0;0.0
4;27000;SNACKPACK_STRAWBERRY;10710;35;10708;49;;;10728;35;10730;49;;;10719.0;0.0
4;27100;SNACKPACK_STRAWBERRY;10698;27;10695;42;;;10716;27;10718;42;;;10707.0;0.0
4;27200;SNACKPACK_STRAWBERRY;10701;27;10699;50;;;10719;27;10721;50;;;10710.0;0.0
4;27300;SNACKPACK_STRAWBERRY;10705;38;10703;59;;;10723;38;10725;59;;;10714.0;0.0
4;27400;SNACKPACK_STRAWBERRY;10710;21;10708;58;;;10728;21;10730;58;;;10719.0;0.0
4;27500;SNACKPACK_STRAWBERRY;10718;2;10709;25;10707;59;10727;25;10730;59;;;10722.5;0.0
4;27600;SNACKPACK_STRAWBERRY;10711;24;10709;50;;;10729;24;10731;50;;;10720.0;0.0
4;27700;SNACKPACK_STRAWBERRY;10711;35;10709;51;;;10729;35;10732;51;;;10720.0;0.0
4;27800;SNACKPACK_STRAWBERRY;10712;38;10710;54;;;10730;38;10732;54;;;10721.0;0.0
4;27900;SNACKPACK_STRAWBERRY;10721;32;10718;52;;;10739;32;10741;52;;;10730.0;0.0
4;28000;SNACKPACK_STRAWBERRY;10733;29;10730;40;;;10751;29;10753;40;;;10742.0;0.0
4;28100;SNACKPACK_STRAWBERRY;10738;20;10736;58;;;10757;20;10759;58;;;10747.5;0.0
4;28200;SNACKPACK_STRAWBERRY;10734;36;10732;52;;;10752;36;10754;52;;;10743.0;0.0
4;28300;SNACKPACK_STRAWBERRY;10744;21;10742;52;;;10762;21;10764;52;;;10753.0;0.0
4;28400;SNACKPACK_STRAWBERRY;10738;25;10736;47;;;10756;25;10758;47;;;10747.0;0.0
4;28500;SNACKPACK_STRAWBERRY;10729;33;10727;44;;;10747;33;10749;44;;;10738.0;0.0
4;28600;SNACKPACK_STRAWBERRY;10744;21;10742;50;;;10762;21;10765;50;;;10753.0;0.0
4;28700;SNACKPACK_STRAWBERRY;10754;29;10752;44;;;10772;29;10774;44;;;10763.0;0.0
4;28800;SNACKPACK_STRAWBERRY;10757;24;10755;46;;;10775;24;10777;46;;;10766.0;0.0
4;28900;SNACKPACK_STRAWBERRY;10762;36;10760;53;;;10780;36;10782;53;;;10771.0;0.0
4;29000;SNACKPACK_STRAWBERRY;10753;40;10751;51;;;10771;40;10774;51;;;10762.0;0.0
4;29100;SNACKPACK_STRAWBERRY;10744;28;10742;59;;;10762;28;10764;59;;;10753.0;0.0
4;29200;SNACKPACK_STRAWBERRY;10721;36;10719;44;;;10739;36;10742;44;;;10730.0;0.0
4;29300;SNACKPACK_STRAWBERRY;10725;40;10723;54;;;10744;40;10746;54;;;10734.5;0.0
4;29400;SNACKPACK_STRAWBERRY;10729;35;10727;56;;;10747;35;10749;56;;;10738.0;0.0
4;29500;SNACKPACK_STRAWBERRY;10734;2;10726;29;10724;41;10744;29;10746;41;;;10739.0;0.0
4;29600;SNACKPACK_STRAWBERRY;10725;28;10723;48;;;10743;28;10746;48;;;10734.0;0.0
4;29700;SNACKPACK_STRAWBERRY;10723;25;10721;53;;;10741;25;10743;53;;;10732.0;0.0
4;29800;SNACKPACK_STRAWBERRY;10713;39;10711;50;;;10732;39;10734;50;;;10722.5;0.0
4;29900;SNACKPACK_STRAWBERRY;10703;24;10701;45;;;10721;24;10723;45;;;10712.0;0.0
4;30000;SNACKPACK_STRAWBERRY;10720;24;10718;51;;;10738;24;10740;51;;;10729.0;0.0
4;30100;SNACKPACK_STRAWBERRY;10721;21;10719;49;;;10739;21;10742;49;;;10730.0;0.0
4;30200;SNACKPACK_STRAWBERRY;10714;29;10712;48;;;10732;29;10735;48;;;10723.0;0.0
4;30300;SNACKPACK_STRAWBERRY;10699;37;10697;59;;;10717;37;10719;59;;;10708.0;0.0
4;30400;SNACKPACK_STRAWBERRY;10701;27;10699;50;;;10719;27;10721;50;;;10710.0;0.0
4;30500;SNACKPACK_STRAWBERRY;10695;33;10693;48;;;10713;33;10715;48;;;10704.0;0.0
4;30600;SNACKPACK_STRAWBERRY;10695;38;10693;56;;;10713;38;10715;56;;;10704.0;0.0
4;30700;SNACKPACK_STRAWBERRY;10691;22;10689;51;;;10709;22;10712;51;;;10700.0;0.0
4;30800;SNACKPACK_STRAWBERRY;10686;23;10684;48;;;10704;23;10706;48;;;10695.0;0.0
4;30900;SNACKPACK_STRAWBERRY;10683;38;10681;40;;;10701;38;10704;40;;;10692.0;0.0
4;31000;SNACKPACK_STRAWBERRY;10670;21;10668;41;;;10688;21;10690;41;;;10679.0;0.0
4;31100;SNACKPACK_STRAWBERRY;10685;36;10683;51;;;10703;36;10705;51;;;10694.0;0.0
4;31200;SNACKPACK_STRAWBERRY;10695;5;10687;35;10684;60;10705;35;10707;60;;;10700.0;0.0
4;31300;SNACKPACK_STRAWBERRY;10689;21;10686;45;;;10707;21;10709;45;;;10698.0;0.0
4;31400;SNACKPACK_STRAWBERRY;10690;25;10688;46;;;10699;3;10708;25;10710;46;10694.5;0.0
4;31500;SNACKPACK_STRAWBERRY;10692;25;10690;47;;;10710;25;10712;47;;;10701.0;0.0
4;31600;SNACKPACK_STRAWBERRY;10695;23;10693;46;;;10713;23;10715;46;;;10704.0;0.0
4;31700;SNACKPACK_STRAWBERRY;10690;21;10688;59;;;10708;21;10710;59;;;10699.0;0.0
4;31800;SNACKPACK_STRAWBERRY;10680;34;10678;47;;;10699;34;10701;47;;;10689.5;0.0
4;31900;SNACKPACK_STRAWBERRY;10693;20;10691;56;;;10712;20;10714;56;;;10702.5;0.0
4;32000;SNACKPACK_STRAWBERRY;10681;32;10679;52;;;10699;32;10701;52;;;10690.0;0.0
4;32100;SNACKPACK_STRAWBERRY;10687;32;10685;41;;;10705;32;10707;41;;;10696.0;0.0
4;32200;SNACKPACK_STRAWBERRY;10698;22;10696;59;;;10716;22;10718;59;;;10707.0;0.0
4;32300;SNACKPACK_STRAWBERRY;10693;22;10691;43;;;10711;22;10713;43;;;10702.0;0.0
4;32400;SNACKPACK_STRAWBERRY;10696;24;10694;56;;;10714;24;10716;56;;;10705.0;0.0
4;32500;SNACKPACK_STRAWBERRY;10691;32;10689;56;;;10710;32;10712;56;;;10700.5;0.0
4;32600;SNACKPACK_STRAWBERRY;10688;27;10685;43;;;10706;27;10708;43;;;10697.0;0.0
4;32700;SNACKPACK_STRAWBERRY;10684;40;10682;42;;;10702;40;10704;42;;;10693.0;0.0
4;32800;SNACKPACK_STRAWBERRY;10690;22;10688;43;;;10709;22;10711;43;;;10699.5;0.0
4;32900;SNACKPACK_STRAWBERRY;10700;29;10697;58;;;10708;6;10718;29;10720;58;10704.0;0.0
4;33000;SNACKPACK_STRAWBERRY;10695;30;10693;59;;;10713;30;10715;59;;;10704.0;0.0
4;33100;SNACKPACK_STRAWBERRY;10697;24;10695;52;;;10715;24;10717;52;;;10706.0;0.0
4;33200;SNACKPACK_STRAWBERRY;10699;34;10697;57;;;10717;34;10719;57;;;10708.0;0.0
4;33300;SNACKPACK_STRAWBERRY;10684;24;10682;55;;;10702;24;10704;55;;;10693.0;0.0
4;33400;SNACKPACK_STRAWBERRY;10685;22;10683;48;;;10703;22;10705;48;;;10694.0;0.0
4;33500;SNACKPACK_STRAWBERRY;10703;26;10700;42;;;10721;26;10723;42;;;10712.0;0.0
4;33600;SNACKPACK_STRAWBERRY;10701;39;10699;45;;;10719;39;10722;45;;;10710.0;0.0
4;33700;SNACKPACK_STRAWBERRY;10705;40;10703;47;;;10723;40;10725;47;;;10714.0;0.0
4;33800;SNACKPACK_STRAWBERRY;10710;32;10708;58;;;10728;32;10730;58;;;10719.0;0.0
4;33900;SNACKPACK_STRAWBERRY;10716;25;10714;57;;;10734;25;10736;57;;;10725.0;0.0
4;34000;SNACKPACK_STRAWBERRY;10717;29;10715;43;;;10735;29;10737;43;;;10726.0;0.0
4;34100;SNACKPACK_STRAWBERRY;10711;32;10709;55;;;10729;32;10731;55;;;10720.0;0.0
4;34200;SNACKPACK_STRAWBERRY;10719;39;10717;51;;;10737;39;10740;51;;;10728.0;0.0
4;34300;SNACKPACK_STRAWBERRY;10729;25;10726;51;;;10747;25;10749;51;;;10738.0;0.0
4;34400;SNACKPACK_STRAWBERRY;10723;22;10721;42;;;10741;22;10743;42;;;10732.0;0.0
4;34500;SNACKPACK_STRAWBERRY;10712;28;10710;47;;;10730;28;10732;47;;;10721.0;0.0
4;34600;SNACKPACK_STRAWBERRY;10700;27;10698;45;;;10718;27;10720;45;;;10709.0;0.0
4;34700;SNACKPACK_STRAWBERRY;10708;24;10706;57;;;10726;24;10728;57;;;10717.0;0.0
4;34800;SNACKPACK_STRAWBERRY;10707;40;10705;42;;;10726;40;10728;42;;;10716.5;0.0
4;34900;SNACKPACK_STRAWBERRY;10712;20;10710;60;;;10730;20;10732;60;;;10721.0;0.0
4;35000;SNACKPACK_STRAWBERRY;10715;33;10713;52;;;10733;33;10736;52;;;10724.0;0.0
4;35100;SNACKPACK_STRAWBERRY;10710;20;10708;59;;;10728;20;10730;59;;;10719.0;0.0
4;35200;SNACKPACK_STRAWBERRY;10695;23;10693;56;;;10704;6;10713;23;10715;56;10699.5;0.0
4;35300;SNACKPACK_STRAWBERRY;10694;25;10692;50;;;10712;25;10714;50;;;10703.0;0.0
4;35400;SNACKPACK_STRAWBERRY;10696;29;10694;58;;;10714;29;10716;58;;;10705.0;0.0
4;35500;SNACKPACK_STRAWBERRY;10696;28;10694;47;;;10714;28;10716;47;;;10705.0;0.0
4;35600;SNACKPACK_STRAWBERRY;10692;37;10689;58;;;10710;37;10712;58;;;10701.0;0.0
4;35700;SNACKPACK_STRAWBERRY;10694;40;10692;40;;;10712;40;10714;40;;;10703.0;0.0
4;35800;SNACKPACK_STRAWBERRY;10681;40;10679;43;;;10699;40;10701;43;;;10690.0;0.0
4;35900;SNACKPACK_STRAWBERRY;10675;37;10673;40;;;10693;37;10695;40;;;10684.0;0.0
4;36000;SNACKPACK_STRAWBERRY;10688;36;10686;57;;;10706;36;10709;57;;;10697.0;0.0
4;36100;SNACKPACK_STRAWBERRY;10703;23;10701;51;;;10721;23;10724;51;;;10712.0;0.0
4;36200;SNACKPACK_STRAWBERRY;10709;23;10707;41;;;10727;23;10730;41;;;10718.0;0.0
4;36300;SNACKPACK_STRAWBERRY;10714;27;10711;45;;;10732;27;10734;45;;;10723.0;0.0
4;36400;SNACKPACK_STRAWBERRY;10705;37;10703;51;;;10724;37;10726;51;;;10714.5;0.0
4;36500;SNACKPACK_STRAWBERRY;10701;22;10699;42;;;10719;22;10721;42;;;10710.0;0.0
4;36600;SNACKPACK_STRAWBERRY;10700;24;10698;46;;;10718;24;10720;46;;;10709.0;0.0
4;36700;SNACKPACK_STRAWBERRY;10701;28;10698;51;;;10719;28;10721;51;;;10710.0;0.0
4;36800;SNACKPACK_STRAWBERRY;10710;40;10708;52;;;10729;40;10731;52;;;10719.5;0.0
4;36900;SNACKPACK_STRAWBERRY;10716;32;10714;51;;;10734;32;10736;51;;;10725.0;0.0
4;37000;SNACKPACK_STRAWBERRY;10721;38;10719;46;;;10739;38;10741;46;;;10730.0;0.0
4;37100;SNACKPACK_STRAWBERRY;10718;38;10716;43;;;10737;38;10739;43;;;10727.5;0.0
4;37200;SNACKPACK_STRAWBERRY;10714;29;10712;48;;;10732;29;10734;48;;;10723.0;0.0
4;37300;SNACKPACK_STRAWBERRY;10722;27;10720;60;;;10740;27;10742;60;;;10731.0;0.0
4;37400;SNACKPACK_STRAWBERRY;10719;31;10717;40;;;10738;31;10740;40;;;10728.5;0.0
4;37500;SNACKPACK_STRAWBERRY;10729;2;10721;33;10719;46;10739;33;10741;46;;;10734.0;0.0
4;37600;SNACKPACK_STRAWBERRY;10713;34;10711;53;;;10731;34;10733;53;;;10722.0;0.0
4;37700;SNACKPACK_STRAWBERRY;10713;30;10711;51;;;10731;30;10733;51;;;10722.0;0.0
4;37800;SNACKPACK_STRAWBERRY;10727;35;10725;44;;;10745;35;10747;44;;;10736.0;0.0
4;37900;SNACKPACK_STRAWBERRY;10715;32;10713;59;;;10733;32;10735;59;;;10724.0;0.0
4;38000;SNACKPACK_STRAWBERRY;10710;40;10708;48;;;10728;40;10731;48;;;10719.0;0.0
4;38100;SNACKPACK_STRAWBERRY;10705;26;10703;47;;;10723;26;10725;47;;;10714.0;0.0
4;38200;SNACKPACK_STRAWBERRY;10708;31;10706;59;;;10726;31;10728;59;;;10717.0;0.0
4;38300;SNACKPACK_STRAWBERRY;10700;36;10698;40;;;10718;36;10720;40;;;10709.0;0.0
4;38400;SNACKPACK_STRAWBERRY;10690;39;10688;43;;;10709;39;10711;43;;;10699.5;0.0
4;38500;SNACKPACK_STRAWBERRY;10708;31;10706;41;;;10727;31;10729;41;;;10717.5;0.0
4;38600;SNACKPACK_STRAWBERRY;10718;21;10716;59;;;10727;5;10737;21;10739;59;10722.5;0.0
4;38700;SNACKPACK_STRAWBERRY;10727;37;10725;58;;;10745;37;10747;58;;;10736.0;0.0
4;38800;SNACKPACK_STRAWBERRY;10735;36;10733;44;;;10753;36;10756;44;;;10744.0;0.0
4;38900;SNACKPACK_STRAWBERRY;10738;38;10736;45;;;10757;38;10759;45;;;10747.5;0.0
4;39000;SNACKPACK_STRAWBERRY;10740;21;10738;56;;;10759;21;10761;56;;;10749.5;0.0
4;39100;SNACKPACK_STRAWBERRY;10750;38;10748;46;;;10768;38;10770;46;;;10759.0;0.0
4;39200;SNACKPACK_STRAWBERRY;10753;37;10751;59;;;10771;37;10773;59;;;10762.0;0.0
4;39300;SNACKPACK_STRAWBERRY;10764;33;10762;40;;;10783;33;10785;40;;;10773.5;0.0
4;39400;SNACKPACK_STRAWBERRY;10760;40;10758;58;;;10778;40;10780;58;;;10769.0;0.0
4;39500;SNACKPACK_STRAWBERRY;10743;36;10741;51;;;10761;36;10763;51;;;10752.0;0.0
4;39600;SNACKPACK_STRAWBERRY;10740;26;10738;55;;;10758;26;10761;55;;;10749.0;0.0
4;39700;SNACKPACK_STRAWBERRY;10738;29;10736;41;;;10747;5;10756;29;10758;41;10742.5;0.0
4;39800;SNACKPACK_STRAWBERRY;10749;23;10746;45;;;10767;23;10769;45;;;10758.0;0.0
4;39900;SNACKPACK_STRAWBERRY;10775;28;10773;43;;;10793;28;10795;43;;;10784.0;0.0
4;40000;SNACKPACK_STRAWBERRY;10793;23;10791;51;;;10811;23;10813;51;;;10802.0;0.0
4;40100;SNACKPACK_STRAWBERRY;10792;25;10790;50;;;10810;25;10812;50;;;10801.0;0.0
4;40200;SNACKPACK_STRAWBERRY;10785;39;10783;41;;;10804;39;10806;41;;;10794.5;0.0
4;40300;SNACKPACK_STRAWBERRY;10790;26;10788;60;;;10809;26;10811;60;;;10799.5;0.0
4;40400;SNACKPACK_STRAWBERRY;10790;38;10788;58;;;10808;38;10810;58;;;10799.0;0.0
4;40500;SNACKPACK_STRAWBERRY;10774;27;10772;60;;;10792;27;10794;60;;;10783.0;0.0
4;40600;SNACKPACK_STRAWBERRY;10766;31;10764;41;;;10784;31;10786;41;;;10775.0;0.0
4;40700;SNACKPACK_STRAWBERRY;10757;36;10754;50;;;10775;36;10777;50;;;10766.0;0.0
4;40800;SNACKPACK_STRAWBERRY;10761;25;10758;58;;;10779;25;10781;58;;;10770.0;0.0
4;40900;SNACKPACK_STRAWBERRY;10756;27;10754;40;;;10775;27;10777;40;;;10765.5;0.0
4;41000;SNACKPACK_STRAWBERRY;10763;30;10761;47;;;10781;30;10784;47;;;10772.0;0.0
4;41100;SNACKPACK_STRAWBERRY;10752;29;10750;45;;;10770;29;10772;45;;;10761.0;0.0
4;41200;SNACKPACK_STRAWBERRY;10737;20;10735;47;;;10756;20;10758;47;;;10746.5;0.0
4;41300;SNACKPACK_STRAWBERRY;10726;39;10724;43;;;10744;39;10746;43;;;10735.0;0.0
4;41400;SNACKPACK_STRAWBERRY;10729;36;10727;48;;;10747;36;10749;48;;;10738.0;0.0
4;41500;SNACKPACK_STRAWBERRY;10727;23;10725;55;;;10745;23;10747;55;;;10736.0;0.0
4;41600;SNACKPACK_STRAWBERRY;10737;28;10735;58;;;10755;28;10757;58;;;10746.0;0.0
4;41700;SNACKPACK_STRAWBERRY;10743;28;10741;60;;;10761;28;10763;60;;;10752.0;0.0
4;41800;SNACKPACK_STRAWBERRY;10753;36;10750;52;;;10771;36;10773;52;;;10762.0;0.0
4;41900;SNACKPACK_STRAWBERRY;10755;40;10752;43;;;10773;40;10775;43;;;10764.0;0.0
4;42000;SNACKPACK_STRAWBERRY;10748;23;10746;46;;;10766;23;10769;46;;;10757.0;0.0
4;42100;SNACKPACK_STRAWBERRY;10749;3;10740;37;10738;41;10758;37;10760;41;;;10753.5;0.0
4;42200;SNACKPACK_STRAWBERRY;10745;29;10742;48;;;10763;29;10765;48;;;10754.0;0.0
4;42300;SNACKPACK_STRAWBERRY;10748;32;10746;57;;;10766;32;10768;57;;;10757.0;0.0
4;42400;SNACKPACK_STRAWBERRY;10752;34;10750;41;;;10770;34;10772;41;;;10761.0;0.0
4;42500;SNACKPACK_STRAWBERRY;10748;22;10745;54;;;10766;22;10768;54;;;10757.0;0.0
4;42600;SNACKPACK_STRAWBERRY;10741;37;10739;46;;;10760;37;10762;46;;;10750.5;0.0
4;42700;SNACKPACK_STRAWBERRY;10736;32;10734;52;;;10755;32;10757;52;;;10745.5;0.0
4;42800;SNACKPACK_STRAWBERRY;10727;25;10725;45;;;10745;25;10747;45;;;10736.0;0.0
4;42900;SNACKPACK_STRAWBERRY;10701;24;10699;48;;;10719;24;10721;48;;;10710.0;0.0
4;43000;SNACKPACK_STRAWBERRY;10702;34;10700;43;;;10721;34;10723;43;;;10711.5;0.0
4;43100;SNACKPACK_STRAWBERRY;10718;21;10716;57;;;10736;21;10738;57;;;10727.0;0.0
4;43200;SNACKPACK_STRAWBERRY;10708;38;10706;51;;;10726;38;10728;51;;;10717.0;0.0
4;43300;SNACKPACK_STRAWBERRY;10719;39;10717;51;;;10737;39;10739;51;;;10728.0;0.0
4;43400;SNACKPACK_STRAWBERRY;10717;37;10715;56;;;10735;37;10737;56;;;10726.0;0.0
4;43500;SNACKPACK_STRAWBERRY;10721;35;10719;41;;;10739;35;10741;41;;;10730.0;0.0
4;43600;SNACKPACK_STRAWBERRY;10724;31;10722;51;;;10742;31;10744;51;;;10733.0;0.0
4;43700;SNACKPACK_STRAWBERRY;10730;37;10728;49;;;10748;37;10751;49;;;10739.0;0.0
4;43800;SNACKPACK_STRAWBERRY;10722;23;10720;43;;;10741;23;10743;43;;;10731.5;0.0
4;43900;SNACKPACK_STRAWBERRY;10723;25;10721;58;;;10741;25;10743;58;;;10732.0;0.0
4;44000;SNACKPACK_STRAWBERRY;10728;25;10726;42;;;10747;25;10749;42;;;10737.5;0.0
4;44100;SNACKPACK_STRAWBERRY;10724;35;10722;58;;;10742;35;10744;58;;;10733.0;0.0
4;44200;SNACKPACK_STRAWBERRY;10723;40;10720;40;;;10741;40;10743;40;;;10732.0;0.0
4;44300;SNACKPACK_STRAWBERRY;10718;37;10716;58;;;10736;37;10738;58;;;10727.0;0.0
4;44400;SNACKPACK_STRAWBERRY;10711;25;10709;40;;;10729;25;10731;40;;;10720.0;0.0
4;44500;SNACKPACK_STRAWBERRY;10705;20;10703;55;;;10723;20;10725;55;;;10714.0;0.0
4;44600;SNACKPACK_STRAWBERRY;10699;40;10696;59;;;10707;4;10717;40;10719;59;10703.0;0.0
4;44700;SNACKPACK_STRAWBERRY;10710;30;10708;59;;;10728;30;10730;59;;;10719.0;0.0
4;44800;SNACKPACK_STRAWBERRY;10720;38;10717;48;;;10738;38;10740;48;;;10729.0;0.0
4;44900;SNACKPACK_STRAWBERRY;10730;22;10728;47;;;10748;22;10751;47;;;10739.0;0.0
4;45000;SNACKPACK_STRAWBERRY;10740;20;10738;54;;;10758;20;10760;54;;;10749.0;0.0
4;45100;SNACKPACK_STRAWBERRY;10730;28;10728;48;;;10748;28;10751;48;;;10739.0;0.0
4;45200;SNACKPACK_STRAWBERRY;10724;33;10721;48;;;10742;33;10744;48;;;10733.0;0.0
4;45300;SNACKPACK_STRAWBERRY;10714;28;10712;45;;;10732;28;10734;45;;;10723.0;0.0
4;45400;SNACKPACK_STRAWBERRY;10713;37;10711;52;;;10731;37;10734;52;;;10722.0;0.0
4;45500;SNACKPACK_STRAWBERRY;10723;34;10721;49;;;10741;34;10743;49;;;10732.0;0.0
4;45600;SNACKPACK_STRAWBERRY;10725;27;10723;50;;;10744;27;10746;50;;;10734.5;0.0
4;45700;SNACKPACK_STRAWBERRY;10736;2;10728;38;10726;52;10746;38;10748;52;;;10741.0;0.0
4;45800;SNACKPACK_STRAWBERRY;10733;39;10730;46;;;10741;4;10751;39;10753;46;10737.0;0.0
4;45900;SNACKPACK_STRAWBERRY;10732;40;10729;60;;;10750;40;10752;60;;;10741.0;0.0
4;46000;SNACKPACK_STRAWBERRY;10736;32;10734;53;;;10754;32;10756;53;;;10745.0;0.0
4;46100;SNACKPACK_STRAWBERRY;10737;36;10735;55;;;10756;36;10758;55;;;10746.5;0.0
4;46200;SNACKPACK_STRAWBERRY;10751;25;10749;49;;;10769;25;10772;49;;;10760.0;0.0
4;46300;SNACKPACK_STRAWBERRY;10760;28;10758;41;;;10778;28;10781;41;;;10769.0;0.0
4;46400;SNACKPACK_STRAWBERRY;10763;38;10761;57;;;10781;38;10783;57;;;10772.0;0.0
4;46500;SNACKPACK_STRAWBERRY;10761;36;10759;59;;;10779;36;10781;59;;;10770.0;0.0
4;46600;SNACKPACK_STRAWBERRY;10759;40;10756;50;;;10777;40;10779;50;;;10768.0;0.0
4;46700;SNACKPACK_STRAWBERRY;10761;21;10759;41;;;10779;21;10781;41;;;10770.0;0.0
4;46800;SNACKPACK_STRAWBERRY;10769;33;10767;60;;;10787;33;10790;60;;;10778.0;0.0
4;46900;SNACKPACK_STRAWBERRY;10769;32;10767;53;;;10787;32;10790;53;;;10778.0;0.0
4;47000;SNACKPACK_STRAWBERRY;10783;35;10780;54;;;10801;35;10803;54;;;10792.0;0.0
4;47100;SNACKPACK_STRAWBERRY;10790;37;10788;41;;;10808;37;10811;41;;;10799.0;0.0
4;47200;SNACKPACK_STRAWBERRY;10802;38;10799;53;;;10820;38;10822;53;;;10811.0;0.0
4;47300;SNACKPACK_STRAWBERRY;10796;24;10793;53;;;10814;24;10816;53;;;10805.0;0.0
4;47400;SNACKPACK_STRAWBERRY;10795;33;10793;57;;;10813;33;10816;57;;;10804.0;0.0
4;47500;SNACKPACK_STRAWBERRY;10804;20;10802;51;;;10822;20;10824;51;;;10813.0;0.0
4;47600;SNACKPACK_STRAWBERRY;10808;21;10806;56;;;10826;21;10828;56;;;10817.0;0.0
4;47700;SNACKPACK_STRAWBERRY;10791;31;10789;43;;;10810;31;10812;43;;;10800.5;0.0
4;47800;SNACKPACK_STRAWBERRY;10793;39;10791;51;;;10812;39;10814;51;;;10802.5;0.0
4;47900;SNACKPACK_STRAWBERRY;10807;22;10804;45;;;10825;22;10827;45;;;10816.0;0.0
4;48000;SNACKPACK_STRAWBERRY;10824;32;10822;53;;;10843;32;10845;53;;;10833.5;0.0
4;48100;SNACKPACK_STRAWBERRY;10826;27;10824;40;;;10844;27;10846;40;;;10835.0;0.0
4;48200;SNACKPACK_STRAWBERRY;10827;29;10825;47;;;10845;29;10848;47;;;10836.0;0.0
4;48300;SNACKPACK_STRAWBERRY;10825;28;10823;50;;;10843;28;10846;50;;;10834.0;0.0
4;48400;SNACKPACK_STRAWBERRY;10826;35;10824;41;;;10844;35;10846;41;;;10835.0;0.0
4;48500;SNACKPACK_STRAWBERRY;10832;37;10830;60;;;10850;37;10853;60;;;10841.0;0.0
4;48600;SNACKPACK_STRAWBERRY;10841;20;10839;51;;;10859;20;10861;51;;;10850.0;0.0
4;48700;SNACKPACK_STRAWBERRY;10849;25;10847;48;;;10867;25;10869;48;;;10858.0;0.0
4;48800;SNACKPACK_STRAWBERRY;10860;23;10858;44;;;10878;23;10880;44;;;10869.0;0.0
4;48900;SNACKPACK_STRAWBERRY;10862;28;10859;44;;;10880;28;10882;44;;;10871.0;0.0
4;49000;SNACKPACK_STRAWBERRY;10854;40;10852;57;;;10873;40;10875;57;;;10863.5;0.0
4;49100;SNACKPACK_STRAWBERRY;10852;36;10850;43;;;10870;36;10872;43;;;10861.0;0.0
4;49200;SNACKPACK_STRAWBERRY;10854;24;10851;53;;;10872;24;10874;53;;;10863.0;0.0
4;49300;SNACKPACK_STRAWBERRY;10838;29;10836;56;;;10857;29;10859;56;;;10847.5;0.0
4;49400;SNACKPACK_STRAWBERRY;10834;23;10832;60;;;10853;23;10855;60;;;10843.5;0.0
4;49500;SNACKPACK_STRAWBERRY;10843;39;10841;58;;;10862;39;10864;58;;;10852.5;0.0
4;49600;SNACKPACK_STRAWBERRY;10849;29;10846;53;;;10867;29;10869;53;;;10858.0;0.0
4;49700;SNACKPACK_STRAWBERRY;10839;36;10837;58;;;10858;36;10860;58;;;10848.5;0.0
4;49800;SNACKPACK_STRAWBERRY;10845;26;10843;41;;;10863;26;10866;41;;;10854.0;0.0
4;49900;SNACKPACK_STRAWBERRY;10852;40;10850;47;;;10871;40;10873;47;;;10861.5;0.0
4;50000;SNACKPACK_STRAWBERRY;10861;38;10858;46;;;10879;38;10881;46;;;10870.0;0.0
4;50100;SNACKPACK_STRAWBERRY;10869;40;10867;55;;;10887;40;10890;55;;;10878.0;0.0
4;50200;SNACKPACK_STRAWBERRY;10862;35;10860;55;;;10880;35;10883;55;;;10871.0;0.0
4;50300;SNACKPACK_STRAWBERRY;10861;40;10858;60;;;10879;40;10881;60;;;10870.0;0.0
4;50400;SNACKPACK_STRAWBERRY;10854;32;10852;53;;;10873;32;10875;53;;;10863.5;0.0
4;50500;SNACKPACK_STRAWBERRY;10843;25;10841;41;;;10862;25;10864;41;;;10852.5;0.0
4;50600;SNACKPACK_STRAWBERRY;10848;22;10845;55;;;10866;22;10868;55;;;10857.0;0.0
4;50700;SNACKPACK_STRAWBERRY;10847;20;10845;51;;;10865;20;10867;51;;;10856.0;0.0
4;50800;SNACKPACK_STRAWBERRY;10865;29;10863;46;;;10884;29;10886;46;;;10874.5;0.0
4;50900;SNACKPACK_STRAWBERRY;10859;25;10857;48;;;10877;25;10879;48;;;10868.0;0.0
4;51000;SNACKPACK_STRAWBERRY;10860;26;10858;50;;;10879;26;10881;50;;;10869.5;0.0
4;51100;SNACKPACK_STRAWBERRY;10873;39;10871;51;;;10891;39;10894;51;;;10882.0;0.0
4;51200;SNACKPACK_STRAWBERRY;10873;25;10871;44;;;10891;25;10893;44;;;10882.0;0.0
4;51300;SNACKPACK_STRAWBERRY;10885;35;10883;55;;;10904;35;10906;55;;;10894.5;0.0
4;51400;SNACKPACK_STRAWBERRY;10884;29;10881;51;;;10902;29;10904;51;;;10893.0;0.0
4;51500;SNACKPACK_STRAWBERRY;10882;20;10880;47;;;10901;20;10903;47;;;10891.5;0.0
4;51600;SNACKPACK_STRAWBERRY;10888;37;10886;54;;;10906;37;10909;54;;;10897.0;0.0
4;51700;SNACKPACK_STRAWBERRY;10891;27;10889;46;;;10910;27;10912;46;;;10900.5;0.0
4;51800;SNACKPACK_STRAWBERRY;10893;38;10891;41;;;10911;38;10914;41;;;10902.0;0.0
4;51900;SNACKPACK_STRAWBERRY;10891;22;10889;57;;;10909;22;10912;57;;;10900.0;0.0
4;52000;SNACKPACK_STRAWBERRY;10890;26;10888;53;;;10908;26;10910;53;;;10899.0;0.0
4;52100;SNACKPACK_STRAWBERRY;10901;35;10898;59;;;10919;35;10921;59;;;10910.0;0.0
4;52200;SNACKPACK_STRAWBERRY;10893;27;10891;40;;;10911;27;10913;40;;;10902.0;0.0
4;52300;SNACKPACK_STRAWBERRY;10891;39;10889;59;;;10909;39;10911;59;;;10900.0;0.0
4;52400;SNACKPACK_STRAWBERRY;10874;24;10872;49;;;10893;24;10895;49;;;10883.5;0.0
4;52500;SNACKPACK_STRAWBERRY;10864;30;10862;55;;;10883;30;10885;55;;;10873.5;0.0
4;52600;SNACKPACK_STRAWBERRY;10880;22;10878;52;;;10899;22;10901;52;;;10889.5;0.0
4;52700;SNACKPACK_STRAWBERRY;10876;25;10873;59;;;10894;25;10896;59;;;10885.0;0.0
4;52800;SNACKPACK_STRAWBERRY;10886;5;10877;21;10875;51;10895;21;10898;51;;;10890.5;0.0
4;52900;SNACKPACK_STRAWBERRY;10862;30;10860;58;;;10880;30;10882;58;;;10871.0;0.0
4;53000;SNACKPACK_STRAWBERRY;10854;25;10852;58;;;10873;25;10875;58;;;10863.5;0.0
4;53100;SNACKPACK_STRAWBERRY;10858;32;10856;49;;;10877;32;10879;49;;;10867.5;0.0
4;53200;SNACKPACK_STRAWBERRY;10862;27;10860;55;;;10881;27;10883;55;;;10871.5;0.0
4;53300;SNACKPACK_STRAWBERRY;10851;31;10849;53;;;10869;31;10872;53;;;10860.0;0.0
4;53400;SNACKPACK_STRAWBERRY;10865;23;10863;48;;;10884;23;10886;48;;;10874.5;0.0
4;53500;SNACKPACK_STRAWBERRY;10845;26;10842;56;;;10863;26;10865;56;;;10854.0;0.0
4;53600;SNACKPACK_STRAWBERRY;10822;34;10820;49;;;10841;34;10843;49;;;10831.5;0.0
4;53700;SNACKPACK_STRAWBERRY;10827;22;10825;43;;;10845;22;10847;43;;;10836.0;0.0
4;53800;SNACKPACK_STRAWBERRY;10825;21;10822;54;;;10843;21;10845;54;;;10834.0;0.0
4;53900;SNACKPACK_STRAWBERRY;10840;20;10838;40;;;10858;20;10860;40;;;10849.0;0.0
4;54000;SNACKPACK_STRAWBERRY;10835;37;10833;41;;;10853;37;10855;41;;;10844.0;0.0
4;54100;SNACKPACK_STRAWBERRY;10839;36;10837;59;;;10857;36;10860;59;;;10848.0;0.0
4;54200;SNACKPACK_STRAWBERRY;10837;38;10835;57;;;10855;38;10857;57;;;10846.0;0.0
4;54300;SNACKPACK_STRAWBERRY;10852;36;10850;58;;;10870;36;10872;58;;;10861.0;0.0
4;54400;SNACKPACK_STRAWBERRY;10862;21;10860;53;;;10881;21;10883;53;;;10871.5;0.0
4;54500;SNACKPACK_STRAWBERRY;10856;29;10854;42;;;10875;29;10877;42;;;10865.5;0.0
4;54600;SNACKPACK_STRAWBERRY;10870;31;10868;45;;;10889;31;10891;45;;;10879.5;0.0
4;54700;SNACKPACK_STRAWBERRY;10865;23;10863;48;;;10884;23;10886;48;;;10874.5;0.0
4;54800;SNACKPACK_STRAWBERRY;10879;33;10877;58;;;10897;33;10900;58;;;10888.0;0.0
4;54900;SNACKPACK_STRAWBERRY;10892;32;10889;60;;;10910;32;10912;60;;;10901.0;0.0
4;55000;SNACKPACK_STRAWBERRY;10890;32;10888;53;;;10909;32;10911;53;;;10899.5;0.0
4;55100;SNACKPACK_STRAWBERRY;10882;29;10880;51;;;10900;29;10902;51;;;10891.0;0.0
4;55200;SNACKPACK_STRAWBERRY;10898;30;10896;44;;;10917;30;10919;44;;;10907.5;0.0
4;55300;SNACKPACK_STRAWBERRY;10882;22;10880;60;;;10901;22;10903;60;;;10891.5;0.0
4;55400;SNACKPACK_STRAWBERRY;10886;28;10884;47;;;10904;28;10906;47;;;10895.0;0.0
4;55500;SNACKPACK_STRAWBERRY;10889;27;10887;43;;;10908;27;10910;43;;;10898.5;0.0
4;55600;SNACKPACK_STRAWBERRY;10882;27;10880;55;;;10900;27;10902;55;;;10891.0;0.0
4;55700;SNACKPACK_STRAWBERRY;10875;24;10873;58;;;10893;24;10895;58;;;10884.0;0.0
4;55800;SNACKPACK_STRAWBERRY;10863;31;10861;50;;;10872;5;10881;31;10883;50;10867.5;0.0
4;55900;SNACKPACK_STRAWBERRY;10845;27;10842;44;;;10863;27;10865;44;;;10854.0;0.0
4;56000;SNACKPACK_STRAWBERRY;10856;35;10854;58;;;10875;35;10877;58;;;10865.5;0.0
4;56100;SNACKPACK_STRAWBERRY;10857;37;10855;55;;;10875;37;10878;55;;;10866.0;0.0
4;56200;SNACKPACK_STRAWBERRY;10870;33;10868;49;;;10889;33;10891;49;;;10879.5;0.0
4;56300;SNACKPACK_STRAWBERRY;10875;23;10873;46;;;10894;23;10896;46;;;10884.5;0.0
4;56400;SNACKPACK_STRAWBERRY;10870;31;10868;45;;;10889;31;10891;45;;;10879.5;0.0
4;56500;SNACKPACK_STRAWBERRY;10868;37;10866;41;;;10886;37;10888;41;;;10877.0;0.0
4;56600;SNACKPACK_STRAWBERRY;10879;37;10877;55;;;10897;37;10900;55;;;10888.0;0.0
4;56700;SNACKPACK_STRAWBERRY;10881;34;10878;50;;;10899;34;10901;50;;;10890.0;0.0
4;56800;SNACKPACK_STRAWBERRY;10874;37;10872;46;;;10893;37;10895;46;;;10883.5;0.0
4;56900;SNACKPACK_STRAWBERRY;10883;38;10880;53;;;10901;38;10903;53;;;10892.0;0.0
4;57000;SNACKPACK_STRAWBERRY;10892;30;10890;55;;;10910;30;10912;55;;;10901.0;0.0
4;57100;SNACKPACK_STRAWBERRY;10892;37;10890;41;;;10910;37;10913;41;;;10901.0;0.0
4;57200;SNACKPACK_STRAWBERRY;10894;20;10891;47;;;10912;20;10914;47;;;10903.0;0.0
4;57300;SNACKPACK_STRAWBERRY;10884;33;10882;57;;;10902;33;10905;57;;;10893.0;0.0
4;57400;SNACKPACK_STRAWBERRY;10881;32;10878;45;;;10899;32;10901;45;;;10890.0;0.0
4;57500;SNACKPACK_STRAWBERRY;10885;40;10882;58;;;10903;40;10905;58;;;10894.0;0.0
4;57600;SNACKPACK_STRAWBERRY;10881;24;10879;47;;;10900;24;10902;47;;;10890.5;0.0
4;57700;SNACKPACK_STRAWBERRY;10868;30;10866;43;;;10886;30;10888;43;;;10877.0;0.0
4;57800;SNACKPACK_STRAWBERRY;10877;40;10875;47;;;10896;40;10898;47;;;10886.5;0.0
4;57900;SNACKPACK_STRAWBERRY;10872;28;10870;44;;;10891;28;10893;44;;;10881.5;0.0
4;58000;SNACKPACK_STRAWBERRY;10881;24;10879;43;;;10899;24;10901;43;;;10890.0;0.0
4;58100;SNACKPACK_STRAWBERRY;10876;32;10874;52;;;10894;32;10896;52;;;10885.0;0.0
4;58200;SNACKPACK_STRAWBERRY;10872;23;10869;49;;;10890;23;10892;49;;;10881.0;0.0
4;58300;SNACKPACK_STRAWBERRY;10874;20;10872;54;;;10893;20;10895;54;;;10883.5;0.0
4;58400;SNACKPACK_STRAWBERRY;10875;38;10873;45;;;10893;38;10896;45;;;10884.0;0.0
4;58500;SNACKPACK_STRAWBERRY;10886;21;10884;52;;;10904;21;10907;52;;;10895.0;0.0
4;58600;SNACKPACK_STRAWBERRY;10892;36;10889;58;;;10910;36;10912;58;;;10901.0;0.0
4;58700;SNACKPACK_STRAWBERRY;10889;33;10887;40;;;10908;33;10910;40;;;10898.5;0.0
4;58800;SNACKPACK_STRAWBERRY;10886;34;10884;52;;;10905;34;10907;52;;;10895.5;0.0
4;58900;SNACKPACK_STRAWBERRY;10887;34;10885;54;;;10906;34;10908;54;;;10896.5;0.0
4;59000;SNACKPACK_STRAWBERRY;10888;34;10885;54;;;10906;34;10908;54;;;10897.0;0.0
4;59100;SNACKPACK_STRAWBERRY;10874;24;10872;44;;;10893;24;10895;44;;;10883.5;0.0
4;59200;SNACKPACK_STRAWBERRY;10889;33;10887;42;;;10908;33;10910;42;;;10898.5;0.0
4;59300;SNACKPACK_STRAWBERRY;10903;24;10901;43;;;10922;24;10924;43;;;10912.5;0.0
4;59400;SNACKPACK_STRAWBERRY;10889;22;10887;54;;;10908;22;10910;54;;;10898.5;0.0
4;59500;SNACKPACK_STRAWBERRY;10897;35;10895;50;;;10916;35;10918;50;;;10906.5;0.0
4;59600;SNACKPACK_STRAWBERRY;10897;32;10895;55;;;10916;32;10918;55;;;10906.5;0.0
4;59700;SNACKPACK_STRAWBERRY;10902;36;10900;51;;;10921;36;10923;51;;;10911.5;0.0
4;59800;SNACKPACK_STRAWBERRY;10883;25;10881;48;;;10892;5;10902;25;10904;48;10887.5;0.0
4;59900;SNACKPACK_STRAWBERRY;10886;3;10878;24;10876;50;10896;24;10898;50;;;10891.0;0.0
4;60000;SNACKPACK_STRAWBERRY;10893;32;10891;43;;;10912;32;10914;43;;;10902.5;0.0
4;60100;SNACKPACK_STRAWBERRY;10885;29;10883;57;;;10904;29;10906;57;;;10894.5;0.0
4;60200;SNACKPACK_STRAWBERRY;10889;26;10887;55;;;10908;26;10910;55;;;10898.5;0.0
4;60300;SNACKPACK_STRAWBERRY;10892;31;10890;55;;;10911;31;10913;55;;;10901.5;0.0
4;60400;SNACKPACK_STRAWBERRY;10887;40;10885;41;;;10905;40;10907;41;;;10896.0;0.0
4;60500;SNACKPACK_STRAWBERRY;10893;36;10890;56;;;10911;36;10913;56;;;10902.0;0.0
4;60600;SNACKPACK_STRAWBERRY;10888;35;10886;60;;;10907;35;10909;60;;;10897.5;0.0
4;60700;SNACKPACK_STRAWBERRY;10894;26;10891;48;;;10912;26;10914;48;;;10903.0;0.0
4;60800;SNACKPACK_STRAWBERRY;10888;27;10886;43;;;10907;27;10909;43;;;10897.5;0.0
4;60900;SNACKPACK_STRAWBERRY;10887;21;10884;49;;;10905;21;10907;49;;;10896.0;0.0
4;61000;SNACKPACK_STRAWBERRY;10869;26;10867;58;;;10888;26;10890;58;;;10878.5;0.0
4;61100;SNACKPACK_STRAWBERRY;10865;31;10862;52;;;10883;31;10885;52;;;10874.0;0.0
4;61200;SNACKPACK_STRAWBERRY;10886;37;10884;59;;;10904;37;10906;59;;;10895.0;0.0
4;61300;SNACKPACK_STRAWBERRY;10881;26;10879;57;;;10900;26;10902;57;;;10890.5;0.0
4;61400;SNACKPACK_STRAWBERRY;10883;22;10881;49;;;10902;22;10904;49;;;10892.5;0.0
4;61500;SNACKPACK_STRAWBERRY;10883;36;10881;41;;;10901;36;10904;41;;;10892.0;0.0
4;61600;SNACKPACK_STRAWBERRY;10892;24;10890;52;;;10910;24;10912;52;;;10901.0;0.0
4;61700;SNACKPACK_STRAWBERRY;10890;21;10888;40;;;10908;21;10910;40;;;10899.0;0.0
4;61800;SNACKPACK_STRAWBERRY;10892;35;10890;45;;;10911;35;10913;45;;;10901.5;0.0
4;61900;SNACKPACK_STRAWBERRY;10897;24;10895;58;;;10915;24;10918;58;;;10906.0;0.0
4;62000;SNACKPACK_STRAWBERRY;10889;29;10887;51;;;10907;29;10909;51;;;10898.0;0.0
4;62100;SNACKPACK_STRAWBERRY;10869;35;10867;48;;;10887;35;10889;48;;;10878.0;0.0
4;62200;SNACKPACK_STRAWBERRY;10857;31;10855;59;;;10876;31;10878;59;;;10866.5;0.0
4;62300;SNACKPACK_STRAWBERRY;10860;33;10858;55;;;10879;33;10881;55;;;10869.5;0.0
4;62400;SNACKPACK_STRAWBERRY;10851;25;10848;43;;;10869;25;10871;43;;;10860.0;0.0
4;62500;SNACKPACK_STRAWBERRY;10848;25;10846;40;;;10866;25;10868;40;;;10857.0;0.0
4;62600;SNACKPACK_STRAWBERRY;10859;27;10857;55;;;10878;27;10880;55;;;10868.5;0.0
4;62700;SNACKPACK_STRAWBERRY;10854;40;10851;45;;;10872;40;10874;45;;;10863.0;0.0
4;62800;SNACKPACK_STRAWBERRY;10845;38;10843;47;;;10864;38;10866;47;;;10854.5;0.0
4;62900;SNACKPACK_STRAWBERRY;10849;32;10847;48;;;10867;32;10869;48;;;10858.0;0.0
4;63000;SNACKPACK_STRAWBERRY;10842;27;10840;46;;;10860;27;10862;46;;;10851.0;0.0
4;63100;SNACKPACK_STRAWBERRY;10841;23;10839;57;;;10859;23;10862;57;;;10850.0;0.0
4;63200;SNACKPACK_STRAWBERRY;10856;30;10854;56;;;10875;30;10877;56;;;10865.5;0.0
4;63300;SNACKPACK_STRAWBERRY;10843;32;10841;43;;;10862;32;10864;43;;;10852.5;0.0
4;63400;SNACKPACK_STRAWBERRY;10852;40;10850;48;;;10871;40;10873;48;;;10861.5;0.0
4;63500;SNACKPACK_STRAWBERRY;10866;30;10864;48;;;10885;30;10887;48;;;10875.5;0.0
4;63600;SNACKPACK_STRAWBERRY;10854;21;10852;56;;;10872;21;10875;56;;;10863.0;0.0
4;63700;SNACKPACK_STRAWBERRY;10851;21;10849;41;;;10870;21;10872;41;;;10860.5;0.0
4;63800;SNACKPACK_STRAWBERRY;10848;21;10846;44;;;10867;21;10869;44;;;10857.5;0.0
4;63900;SNACKPACK_STRAWBERRY;10846;21;10844;49;;;10865;21;10867;49;;;10855.5;0.0
4;64000;SNACKPACK_STRAWBERRY;10841;37;10839;55;;;10860;37;10862;55;;;10850.5;0.0
4;64100;SNACKPACK_STRAWBERRY;10857;36;10855;49;;;10876;36;10878;49;;;10866.5;0.0
4;64200;SNACKPACK_STRAWBERRY;10857;25;10855;48;;;10876;25;10878;48;;;10866.5;0.0
4;64300;SNACKPACK_STRAWBERRY;10857;35;10855;55;;;10875;35;10877;55;;;10866.0;0.0
4;64400;SNACKPACK_STRAWBERRY;10864;21;10862;60;;;10882;21;10884;60;;;10873.0;0.0
4;64500;SNACKPACK_STRAWBERRY;10851;36;10849;45;;;10870;36;10872;45;;;10860.5;0.0
4;64600;SNACKPACK_STRAWBERRY;10848;26;10846;56;;;10866;26;10868;56;;;10857.0;0.0
4;64700;SNACKPACK_STRAWBERRY;10826;23;10824;54;;;10845;23;10847;54;;;10835.5;0.0
4;64800;SNACKPACK_STRAWBERRY;10809;29;10807;57;;;10827;29;10829;57;;;10818.0;0.0
4;64900;SNACKPACK_STRAWBERRY;10812;21;10809;54;;;10830;21;10832;54;;;10821.0;0.0
4;65000;SNACKPACK_STRAWBERRY;10796;38;10794;49;;;10814;38;10816;49;;;10805.0;0.0
4;65100;SNACKPACK_STRAWBERRY;10812;33;10810;45;;;10831;33;10833;45;;;10821.5;0.0
4;65200;SNACKPACK_STRAWBERRY;10804;37;10801;57;;;10822;37;10824;57;;;10813.0;0.0
4;65300;SNACKPACK_STRAWBERRY;10811;40;10809;52;;;10829;40;10831;52;;;10820.0;0.0
4;65400;SNACKPACK_STRAWBERRY;10814;24;10812;60;;;10832;24;10835;60;;;10823.0;0.0
4;65500;SNACKPACK_STRAWBERRY;10807;24;10805;42;;;10825;24;10827;42;;;10816.0;0.0
4;65600;SNACKPACK_STRAWBERRY;10802;26;10800;56;;;10820;26;10822;56;;;10811.0;0.0
4;65700;SNACKPACK_STRAWBERRY;10812;6;10804;35;10802;49;10822;35;10824;49;;;10817.0;0.0
4;65800;SNACKPACK_STRAWBERRY;10808;36;10805;42;;;10826;36;10828;42;;;10817.0;0.0
4;65900;SNACKPACK_STRAWBERRY;10794;36;10792;44;;;10812;36;10815;44;;;10803.0;0.0
4;66000;SNACKPACK_STRAWBERRY;10795;29;10793;56;;;10813;29;10816;56;;;10804.0;0.0
4;66100;SNACKPACK_STRAWBERRY;10798;35;10796;40;;;10816;35;10819;40;;;10807.0;0.0
4;66200;SNACKPACK_STRAWBERRY;10805;36;10803;48;;;10824;36;10826;48;;;10814.5;0.0
4;66300;SNACKPACK_STRAWBERRY;10804;36;10802;51;;;10813;2;10822;36;10825;51;10808.5;0.0
4;66400;SNACKPACK_STRAWBERRY;10789;39;10787;59;;;10807;39;10809;59;;;10798.0;0.0
4;66500;SNACKPACK_STRAWBERRY;10794;31;10792;40;;;10813;31;10815;40;;;10803.5;0.0
4;66600;SNACKPACK_STRAWBERRY;10781;23;10779;46;;;10799;23;10802;46;;;10790.0;0.0
4;66700;SNACKPACK_STRAWBERRY;10789;40;10787;59;;;10807;40;10810;59;;;10798.0;0.0
4;66800;SNACKPACK_STRAWBERRY;10783;37;10781;43;;;10801;37;10803;43;;;10792.0;0.0
4;66900;SNACKPACK_STRAWBERRY;10766;21;10764;49;;;10784;21;10786;49;;;10775.0;0.0
4;67000;SNACKPACK_STRAWBERRY;10758;29;10756;56;;;10776;29;10778;56;;;10767.0;0.0
4;67100;SNACKPACK_STRAWBERRY;10753;20;10751;42;;;10772;20;10774;42;;;10762.5;0.0
4;67200;SNACKPACK_STRAWBERRY;10751;22;10749;48;;;10769;22;10771;48;;;10760.0;0.0
4;67300;SNACKPACK_STRAWBERRY;10753;34;10751;55;;;10771;34;10774;55;;;10762.0;0.0
4;67400;SNACKPACK_STRAWBERRY;10739;31;10737;45;;;10757;31;10760;45;;;10748.0;0.0
4;67500;SNACKPACK_STRAWBERRY;10735;34;10733;55;;;10744;5;10753;34;10755;55;10739.5;0.0
4;67600;SNACKPACK_STRAWBERRY;10725;34;10722;46;;;10743;34;10745;46;;;10734.0;0.0
4;67700;SNACKPACK_STRAWBERRY;10724;33;10722;45;;;10743;33;10745;45;;;10733.5;0.0
4;67800;SNACKPACK_STRAWBERRY;10724;36;10722;60;;;10742;36;10744;60;;;10733.0;0.0
4;67900;SNACKPACK_STRAWBERRY;10729;25;10727;44;;;10747;25;10750;44;;;10738.0;0.0
4;68000;SNACKPACK_STRAWBERRY;10726;30;10724;49;;;10744;30;10746;49;;;10735.0;0.0
4;68100;SNACKPACK_STRAWBERRY;10718;35;10716;41;;;10736;35;10738;41;;;10727.0;0.0
4;68200;SNACKPACK_STRAWBERRY;10720;29;10718;46;;;10738;29;10740;46;;;10729.0;0.0
4;68300;SNACKPACK_STRAWBERRY;10712;40;10710;58;;;10730;40;10732;58;;;10721.0;0.0
4;68400;SNACKPACK_STRAWBERRY;10707;24;10705;58;;;10725;24;10727;58;;;10716.0;0.0
4;68500;SNACKPACK_STRAWBERRY;10705;30;10703;50;;;10723;30;10726;50;;;10714.0;0.0
4;68600;SNACKPACK_STRAWBERRY;10706;34;10704;56;;;10724;34;10726;56;;;10715.0;0.0
4;68700;SNACKPACK_STRAWBERRY;10717;38;10715;50;;;10735;38;10737;50;;;10726.0;0.0
4;68800;SNACKPACK_STRAWBERRY;10718;21;10715;45;;;10736;21;10738;45;;;10727.0;0.0
4;68900;SNACKPACK_STRAWBERRY;10711;22;10709;40;;;10729;22;10731;40;;;10720.0;0.0
4;69000;SNACKPACK_STRAWBERRY;10711;39;10709;42;;;10729;39;10731;42;;;10720.0;0.0
4;69100;SNACKPACK_STRAWBERRY;10725;29;10722;55;;;10743;29;10745;55;;;10734.0;0.0
4;69200;SNACKPACK_STRAWBERRY;10740;32;10738;49;;;10759;32;10761;49;;;10749.5;0.0
4;69300;SNACKPACK_STRAWBERRY;10748;33;10746;42;;;10766;33;10769;42;;;10757.0;0.0
4;69400;SNACKPACK_STRAWBERRY;10755;29;10753;44;;;10773;29;10776;44;;;10764.0;0.0
4;69500;SNACKPACK_STRAWBERRY;10754;23;10752;56;;;10772;23;10775;56;;;10763.0;0.0
4;69600;SNACKPACK_STRAWBERRY;10755;36;10753;48;;;10763;6;10773;36;10775;48;10759.0;0.0
4;69700;SNACKPACK_STRAWBERRY;10759;39;10757;44;;;10777;39;10779;44;;;10768.0;0.0
4;69800;SNACKPACK_STRAWBERRY;10761;34;10759;42;;;10779;34;10781;42;;;10770.0;0.0
4;69900;SNACKPACK_STRAWBERRY;10738;34;10735;44;;;10756;34;10758;44;;;10747.0;0.0
4;70000;SNACKPACK_STRAWBERRY;10741;25;10739;49;;;10759;25;10762;49;;;10750.0;0.0
4;70100;SNACKPACK_STRAWBERRY;10751;38;10749;47;;;10769;38;10771;47;;;10760.0;0.0
4;70200;SNACKPACK_STRAWBERRY;10754;23;10751;46;;;10772;23;10774;46;;;10763.0;0.0
4;70300;SNACKPACK_STRAWBERRY;10751;23;10749;41;;;10769;23;10771;41;;;10760.0;0.0
4;70400;SNACKPACK_STRAWBERRY;10757;25;10755;57;;;10776;25;10778;57;;;10766.5;0.0
4;70500;SNACKPACK_STRAWBERRY;10761;21;10759;44;;;10780;21;10782;44;;;10770.5;0.0
4;70600;SNACKPACK_STRAWBERRY;10763;31;10761;52;;;10781;31;10783;52;;;10772.0;0.0
4;70700;SNACKPACK_STRAWBERRY;10752;26;10750;42;;;10770;26;10772;42;;;10761.0;0.0
4;70800;SNACKPACK_STRAWBERRY;10760;37;10758;53;;;10779;37;10781;53;;;10769.5;0.0
4;70900;SNACKPACK_STRAWBERRY;10755;34;10753;55;;;10773;34;10776;55;;;10764.0;0.0
4;71000;SNACKPACK_STRAWBERRY;10758;20;10756;43;;;10776;20;10778;43;;;10767.0;0.0
4;71100;SNACKPACK_STRAWBERRY;10753;23;10750;47;;;10771;23;10773;47;;;10762.0;0.0
4;71200;SNACKPACK_STRAWBERRY;10753;21;10751;43;;;10771;21;10774;43;;;10762.0;0.0
4;71300;SNACKPACK_STRAWBERRY;10749;23;10747;52;;;10767;23;10770;52;;;10758.0;0.0
4;71400;SNACKPACK_STRAWBERRY;10750;33;10748;58;;;10768;33;10770;58;;;10759.0;0.0
4;71500;SNACKPACK_STRAWBERRY;10763;34;10761;57;;;10781;34;10783;57;;;10772.0;0.0
4;71600;SNACKPACK_STRAWBERRY;10760;23;10758;50;;;10778;23;10780;50;;;10769.0;0.0
4;71700;SNACKPACK_STRAWBERRY;10761;20;10759;44;;;10769;6;10779;20;10781;44;10765.0;0.0
4;71800;SNACKPACK_STRAWBERRY;10768;31;10766;60;;;10787;31;10789;60;;;10777.5;0.0
4;71900;SNACKPACK_STRAWBERRY;10773;32;10770;45;;;10791;32;10793;45;;;10782.0;0.0
4;72000;SNACKPACK_STRAWBERRY;10775;24;10772;46;;;10793;24;10795;46;;;10784.0;0.0
4;72100;SNACKPACK_STRAWBERRY;10771;36;10769;47;;;10790;36;10792;47;;;10780.5;0.0
4;72200;SNACKPACK_STRAWBERRY;10776;28;10774;45;;;10794;28;10796;45;;;10785.0;0.0
4;72300;SNACKPACK_STRAWBERRY;10766;36;10764;46;;;10784;36;10786;46;;;10775.0;0.0
4;72400;SNACKPACK_STRAWBERRY;10768;24;10766;42;;;10786;24;10788;42;;;10777.0;0.0
4;72500;SNACKPACK_STRAWBERRY;10754;20;10752;44;;;10772;20;10774;44;;;10763.0;0.0
4;72600;SNACKPACK_STRAWBERRY;10750;39;10748;56;;;10759;6;10768;39;10770;56;10754.5;0.0
4;72700;SNACKPACK_STRAWBERRY;10747;40;10745;49;;;10765;40;10767;49;;;10756.0;0.0
4;72800;SNACKPACK_STRAWBERRY;10751;25;10749;51;;;10769;25;10771;51;;;10760.0;0.0
4;72900;SNACKPACK_STRAWBERRY;10739;23;10737;51;;;10758;23;10760;51;;;10748.5;0.0
4;73000;SNACKPACK_STRAWBERRY;10737;34;10735;43;;;10755;34;10758;43;;;10746.0;0.0
4;73100;SNACKPACK_STRAWBERRY;10736;21;10734;43;;;10755;21;10757;43;;;10745.5;0.0
4;73200;SNACKPACK_STRAWBERRY;10723;28;10721;55;;;10741;28;10743;55;;;10732.0;0.0
4;73300;SNACKPACK_STRAWBERRY;10730;33;10728;45;;;10748;33;10750;45;;;10739.0;0.0
4;73400;SNACKPACK_STRAWBERRY;10737;23;10735;41;;;10755;23;10757;41;;;10746.0;0.0
4;73500;SNACKPACK_STRAWBERRY;10736;26;10733;43;;;10754;26;10756;43;;;10745.0;0.0
4;73600;SNACKPACK_STRAWBERRY;10742;31;10739;47;;;10760;31;10762;47;;;10751.0;0.0
4;73700;SNACKPACK_STRAWBERRY;10750;36;10748;44;;;10768;36;10770;44;;;10759.0;0.0
4;73800;SNACKPACK_STRAWBERRY;10756;20;10753;46;;;10774;20;10776;46;;;10765.0;0.0
4;73900;SNACKPACK_STRAWBERRY;10749;21;10746;42;;;10767;21;10769;42;;;10758.0;0.0
4;74000;SNACKPACK_STRAWBERRY;10738;21;10736;44;;;10756;21;10758;44;;;10747.0;0.0
4;74100;SNACKPACK_STRAWBERRY;10746;32;10744;55;;;10764;32;10766;55;;;10755.0;0.0
4;74200;SNACKPACK_STRAWBERRY;10746;39;10743;59;;;10764;39;10766;59;;;10755.0;0.0
4;74300;SNACKPACK_STRAWBERRY;10743;29;10741;58;;;10761;29;10763;58;;;10752.0;0.0
4;74400;SNACKPACK_STRAWBERRY;10747;26;10745;48;;;10766;26;10768;48;;;10756.5;0.0
4;74500;SNACKPACK_STRAWBERRY;10757;20;10755;56;;;10775;20;10777;56;;;10766.0;0.0
4;74600;SNACKPACK_STRAWBERRY;10761;25;10759;59;;;10779;25;10781;59;;;10770.0;0.0
4;74700;SNACKPACK_STRAWBERRY;10751;32;10748;58;;;10769;32;10771;58;;;10760.0;0.0
4;74800;SNACKPACK_STRAWBERRY;10747;22;10745;56;;;10765;22;10767;56;;;10756.0;0.0
4;74900;SNACKPACK_STRAWBERRY;10740;23;10738;54;;;10758;23;10760;54;;;10749.0;0.0
4;75000;SNACKPACK_STRAWBERRY;10743;22;10741;46;;;10761;22;10763;46;;;10752.0;0.0
4;75100;SNACKPACK_STRAWBERRY;10726;34;10724;59;;;10745;34;10747;59;;;10735.5;0.0
4;75200;SNACKPACK_STRAWBERRY;10726;38;10724;48;;;10745;38;10747;48;;;10735.5;0.0
4;75300;SNACKPACK_STRAWBERRY;10733;25;10731;52;;;10751;25;10753;52;;;10742.0;0.0
4;75400;SNACKPACK_STRAWBERRY;10731;34;10729;50;;;10750;34;10752;50;;;10740.5;0.0
4;75500;SNACKPACK_STRAWBERRY;10746;27;10744;42;;;10764;27;10766;42;;;10755.0;0.0
4;75600;SNACKPACK_STRAWBERRY;10758;33;10756;47;;;10776;33;10779;47;;;10767.0;0.0
4;75700;SNACKPACK_STRAWBERRY;10751;20;10749;40;;;10769;20;10772;40;;;10760.0;0.0
4;75800;SNACKPACK_STRAWBERRY;10747;30;10744;57;;;10765;30;10767;57;;;10756.0;0.0
4;75900;SNACKPACK_STRAWBERRY;10755;24;10752;57;;;10773;24;10775;57;;;10764.0;0.0
4;76000;SNACKPACK_STRAWBERRY;10751;34;10749;57;;;10760;2;10769;34;10771;57;10755.5;0.0
4;76100;SNACKPACK_STRAWBERRY;10748;28;10746;47;;;10766;28;10769;47;;;10757.0;0.0
4;76200;SNACKPACK_STRAWBERRY;10746;23;10743;46;;;10764;23;10766;46;;;10755.0;0.0
4;76300;SNACKPACK_STRAWBERRY;10755;25;10753;56;;;10773;25;10775;56;;;10764.0;0.0
4;76400;SNACKPACK_STRAWBERRY;10767;39;10765;57;;;10785;39;10787;57;;;10776.0;0.0
4;76500;SNACKPACK_STRAWBERRY;10778;35;10776;43;;;10796;35;10799;43;;;10787.0;0.0
4;76600;SNACKPACK_STRAWBERRY;10794;4;10785;23;10783;58;10804;23;10806;58;;;10799.0;0.0
4;76700;SNACKPACK_STRAWBERRY;10789;33;10787;43;;;10807;33;10810;43;;;10798.0;0.0
4;76800;SNACKPACK_STRAWBERRY;10801;33;10799;47;;;10819;33;10821;47;;;10810.0;0.0
4;76900;SNACKPACK_STRAWBERRY;10812;29;10810;49;;;10830;29;10832;49;;;10821.0;0.0
4;77000;SNACKPACK_STRAWBERRY;10800;27;10798;57;;;10818;27;10821;57;;;10809.0;0.0
4;77100;SNACKPACK_STRAWBERRY;10790;31;10788;49;;;10808;31;10811;49;;;10799.0;0.0
4;77200;SNACKPACK_STRAWBERRY;10779;22;10777;45;;;10797;22;10799;45;;;10788.0;0.0
4;77300;SNACKPACK_STRAWBERRY;10766;30;10763;55;;;10784;30;10786;55;;;10775.0;0.0
4;77400;SNACKPACK_STRAWBERRY;10772;20;10770;40;;;10790;20;10793;40;;;10781.0;0.0
4;77500;SNACKPACK_STRAWBERRY;10775;31;10772;50;;;10793;31;10795;50;;;10784.0;0.0
4;77600;SNACKPACK_STRAWBERRY;10775;25;10773;45;;;10783;3;10793;25;10795;45;10779.0;0.0
4;77700;SNACKPACK_STRAWBERRY;10781;40;10779;46;;;10800;40;10802;46;;;10790.5;0.0
4;77800;SNACKPACK_STRAWBERRY;10767;38;10765;43;;;10785;38;10788;43;;;10776.0;0.0
4;77900;SNACKPACK_STRAWBERRY;10768;26;10766;48;;;10786;26;10788;48;;;10777.0;0.0
4;78000;SNACKPACK_STRAWBERRY;10779;31;10776;44;;;10797;31;10799;44;;;10788.0;0.0
4;78100;SNACKPACK_STRAWBERRY;10766;38;10764;40;;;10784;38;10786;40;;;10775.0;0.0
4;78200;SNACKPACK_STRAWBERRY;10777;39;10775;42;;;10795;39;10797;42;;;10786.0;0.0
4;78300;SNACKPACK_STRAWBERRY;10778;26;10776;40;;;10797;26;10799;40;;;10787.5;0.0
4;78400;SNACKPACK_STRAWBERRY;10770;37;10768;49;;;10789;37;10791;49;;;10779.5;0.0
4;78500;SNACKPACK_STRAWBERRY;10773;31;10771;44;;;10792;31;10794;44;;;10782.5;0.0
4;78600;SNACKPACK_STRAWBERRY;10765;37;10763;51;;;10784;37;10786;51;;;10774.5;0.0
4;78700;SNACKPACK_STRAWBERRY;10761;39;10759;46;;;10779;39;10781;46;;;10770.0;0.0
4;78800;SNACKPACK_STRAWBERRY;10763;37;10761;55;;;10781;37;10783;55;;;10772.0;0.0
4;78900;SNACKPACK_STRAWBERRY;10767;28;10765;44;;;10785;28;10787;44;;;10776.0;0.0
4;79000;SNACKPACK_STRAWBERRY;10764;29;10762;49;;;10782;29;10784;49;;;10773.0;0.0
4;79100;SNACKPACK_STRAWBERRY;10759;35;10757;42;;;10777;35;10780;42;;;10768.0;0.0
4;79200;SNACKPACK_STRAWBERRY;10762;33;10760;46;;;10781;33;10783;46;;;10771.5;0.0
4;79300;SNACKPACK_STRAWBERRY;10767;5;10759;38;10756;49;10777;38;10779;49;;;10772.0;0.0
4;79400;SNACKPACK_STRAWBERRY;10760;24;10758;52;;;10778;24;10780;52;;;10769.0;0.0
4;79500;SNACKPACK_STRAWBERRY;10745;28;10743;44;;;10763;28;10765;44;;;10754.0;0.0
4;79600;SNACKPACK_STRAWBERRY;10762;4;10754;32;10752;40;10772;32;10774;40;;;10767.0;0.0
4;79700;SNACKPACK_STRAWBERRY;10766;37;10764;53;;;10784;37;10786;53;;;10775.0;0.0
4;79800;SNACKPACK_STRAWBERRY;10765;22;10763;55;;;10783;22;10785;55;;;10774.0;0.0
4;79900;SNACKPACK_STRAWBERRY;10765;20;10763;60;;;10783;20;10785;60;;;10774.0;0.0
4;80000;SNACKPACK_STRAWBERRY;10762;23;10760;45;;;10780;23;10782;45;;;10771.0;0.0
4;80100;SNACKPACK_STRAWBERRY;10759;22;10756;44;;;10777;22;10779;44;;;10768.0;0.0
4;80200;SNACKPACK_STRAWBERRY;10763;30;10761;45;;;10781;30;10783;45;;;10772.0;0.0
4;80300;SNACKPACK_STRAWBERRY;10767;37;10765;42;;;10785;37;10787;42;;;10776.0;0.0
4;80400;SNACKPACK_STRAWBERRY;10769;25;10767;41;;;10787;25;10789;41;;;10778.0;0.0
4;80500;SNACKPACK_STRAWBERRY;10774;23;10771;45;;;10792;23;10794;45;;;10783.0;0.0
4;80600;SNACKPACK_STRAWBERRY;10779;29;10777;58;;;10798;29;10800;58;;;10788.5;0.0
4;80700;SNACKPACK_STRAWBERRY;10774;36;10771;52;;;10792;36;10794;52;;;10783.0;0.0
4;80800;SNACKPACK_STRAWBERRY;10776;26;10774;43;;;10794;26;10797;43;;;10785.0;0.0
4;80900;SNACKPACK_STRAWBERRY;10777;31;10775;45;;;10795;31;10798;45;;;10786.0;0.0
4;81000;SNACKPACK_STRAWBERRY;10787;31;10784;41;;;10805;31;10807;41;;;10796.0;0.0
4;81100;SNACKPACK_STRAWBERRY;10785;29;10783;51;;;10804;29;10806;51;;;10794.5;0.0
4;81200;SNACKPACK_STRAWBERRY;10778;36;10775;41;;;10796;36;10798;41;;;10787.0;0.0
4;81300;SNACKPACK_STRAWBERRY;10786;33;10784;55;;;10805;33;10807;55;;;10795.5;0.0
4;81400;SNACKPACK_STRAWBERRY;10791;37;10789;43;;;10810;37;10812;43;;;10800.5;0.0
4;81500;SNACKPACK_STRAWBERRY;10807;26;10804;43;;;10825;26;10827;43;;;10816.0;0.0
4;81600;SNACKPACK_STRAWBERRY;10815;40;10813;41;;;10833;40;10835;41;;;10824.0;0.0
4;81700;SNACKPACK_STRAWBERRY;10805;39;10803;51;;;10823;39;10825;51;;;10814.0;0.0
4;81800;SNACKPACK_STRAWBERRY;10807;27;10805;49;;;10825;27;10827;49;;;10816.0;0.0
4;81900;SNACKPACK_STRAWBERRY;10820;30;10818;54;;;10838;30;10840;54;;;10829.0;0.0
4;82000;SNACKPACK_STRAWBERRY;10815;39;10812;58;;;10833;39;10835;58;;;10824.0;0.0
4;82100;SNACKPACK_STRAWBERRY;10815;32;10813;56;;;10833;32;10836;56;;;10824.0;0.0
4;82200;SNACKPACK_STRAWBERRY;10818;33;10816;56;;;10837;33;10839;56;;;10827.5;0.0
4;82300;SNACKPACK_STRAWBERRY;10815;25;10813;44;;;10834;25;10836;44;;;10824.5;0.0
4;82400;SNACKPACK_STRAWBERRY;10812;40;10810;43;;;10830;40;10832;43;;;10821.0;0.0
4;82500;SNACKPACK_STRAWBERRY;10797;33;10795;58;;;10816;33;10818;58;;;10806.5;0.0
4;82600;SNACKPACK_STRAWBERRY;10790;20;10788;55;;;10808;20;10811;55;;;10799.0;0.0
4;82700;SNACKPACK_STRAWBERRY;10793;22;10790;45;;;10811;22;10813;45;;;10802.0;0.0
4;82800;SNACKPACK_STRAWBERRY;10793;33;10790;51;;;10811;33;10813;51;;;10802.0;0.0
4;82900;SNACKPACK_STRAWBERRY;10781;26;10779;55;;;10800;26;10802;55;;;10790.5;0.0
4;83000;SNACKPACK_STRAWBERRY;10793;5;10785;36;10783;41;10803;36;10805;41;;;10798.0;0.0
4;83100;SNACKPACK_STRAWBERRY;10799;28;10797;50;;;10817;28;10819;50;;;10808.0;0.0
4;83200;SNACKPACK_STRAWBERRY;10798;34;10796;58;;;10817;34;10819;58;;;10807.5;0.0
4;83300;SNACKPACK_STRAWBERRY;10786;29;10784;48;;;10804;29;10806;48;;;10795.0;0.0
4;83400;SNACKPACK_STRAWBERRY;10793;23;10791;55;;;10812;23;10814;55;;;10802.5;0.0
4;83500;SNACKPACK_STRAWBERRY;10799;23;10797;54;;;10818;23;10820;54;;;10808.5;0.0
4;83600;SNACKPACK_STRAWBERRY;10794;35;10792;52;;;10813;35;10815;52;;;10803.5;0.0
4;83700;SNACKPACK_STRAWBERRY;10785;33;10782;48;;;10803;33;10805;48;;;10794.0;0.0
4;83800;SNACKPACK_STRAWBERRY;10784;38;10782;47;;;10803;38;10805;47;;;10793.5;0.0
4;83900;SNACKPACK_STRAWBERRY;10779;35;10777;44;;;10798;35;10800;44;;;10788.5;0.0
4;84000;SNACKPACK_STRAWBERRY;10779;24;10777;41;;;10797;24;10799;41;;;10788.0;0.0
4;84100;SNACKPACK_STRAWBERRY;10781;28;10779;59;;;10800;28;10802;59;;;10790.5;0.0
4;84200;SNACKPACK_STRAWBERRY;10780;21;10778;40;;;10798;21;10800;40;;;10789.0;0.0
4;84300;SNACKPACK_STRAWBERRY;10758;35;10756;53;;;10777;35;10779;53;;;10767.5;0.0
4;84400;SNACKPACK_STRAWBERRY;10768;21;10766;57;;;10786;21;10788;57;;;10777.0;0.0
4;84500;SNACKPACK_STRAWBERRY;10764;20;10762;50;;;10782;20;10784;50;;;10773.0;0.0
4;84600;SNACKPACK_STRAWBERRY;10757;40;10754;40;;;10775;40;10777;40;;;10766.0;0.0
4;84700;SNACKPACK_STRAWBERRY;10748;20;10746;48;;;10766;20;10768;48;;;10757.0;0.0
4;84800;SNACKPACK_STRAWBERRY;10752;34;10749;46;;;10770;34;10772;46;;;10761.0;0.0
4;84900;SNACKPACK_STRAWBERRY;10752;39;10750;53;;;10770;39;10772;53;;;10761.0;0.0
4;85000;SNACKPACK_STRAWBERRY;10755;36;10753;58;;;10773;36;10775;58;;;10764.0;0.0
4;85100;SNACKPACK_STRAWBERRY;10753;29;10751;51;;;10771;29;10773;51;;;10762.0;0.0
4;85200;SNACKPACK_STRAWBERRY;10752;37;10750;59;;;10770;37;10772;59;;;10761.0;0.0
4;85300;SNACKPACK_STRAWBERRY;10755;39;10753;45;;;10773;39;10775;45;;;10764.0;0.0
4;85400;SNACKPACK_STRAWBERRY;10741;28;10739;45;;;10759;28;10761;45;;;10750.0;0.0
4;85500;SNACKPACK_STRAWBERRY;10739;24;10736;57;;;10757;24;10759;57;;;10748.0;0.0
4;85600;SNACKPACK_STRAWBERRY;10732;22;10730;57;;;10750;22;10752;57;;;10741.0;0.0
4;85700;SNACKPACK_STRAWBERRY;10741;20;10739;60;;;10759;20;10761;60;;;10750.0;0.0
4;85800;SNACKPACK_STRAWBERRY;10738;24;10736;41;;;10757;24;10759;41;;;10747.5;0.0
4;85900;SNACKPACK_STRAWBERRY;10738;30;10736;50;;;10757;30;10759;50;;;10747.5;0.0
4;86000;SNACKPACK_STRAWBERRY;10727;22;10725;58;;;10745;22;10747;58;;;10736.0;0.0
4;86100;SNACKPACK_STRAWBERRY;10741;28;10739;58;;;10759;28;10762;58;;;10750.0;0.0
4;86200;SNACKPACK_STRAWBERRY;10743;25;10741;42;;;10761;25;10763;42;;;10752.0;0.0
4;86300;SNACKPACK_STRAWBERRY;10747;34;10745;42;;;10766;34;10768;42;;;10756.5;0.0
4;86400;SNACKPACK_STRAWBERRY;10750;31;10748;55;;;10768;31;10770;55;;;10759.0;0.0
4;86500;SNACKPACK_STRAWBERRY;10750;25;10748;43;;;10768;25;10770;43;;;10759.0;0.0
4;86600;SNACKPACK_STRAWBERRY;10740;30;10738;60;;;10758;30;10760;60;;;10749.0;0.0
4;86700;SNACKPACK_STRAWBERRY;10742;27;10740;54;;;10760;27;10762;54;;;10751.0;0.0
4;86800;SNACKPACK_STRAWBERRY;10744;23;10742;49;;;10762;23;10765;49;;;10753.0;0.0
4;86900;SNACKPACK_STRAWBERRY;10744;26;10741;50;;;10762;26;10764;50;;;10753.0;0.0
4;87000;SNACKPACK_STRAWBERRY;10742;39;10740;48;;;10761;39;10763;48;;;10751.5;0.0
4;87100;SNACKPACK_STRAWBERRY;10737;33;10734;40;;;10755;33;10757;40;;;10746.0;0.0
4;87200;SNACKPACK_STRAWBERRY;10742;29;10740;53;;;10760;29;10762;53;;;10751.0;0.0
4;87300;SNACKPACK_STRAWBERRY;10736;36;10734;54;;;10755;36;10757;54;;;10745.5;0.0
4;87400;SNACKPACK_STRAWBERRY;10754;20;10752;49;;;10772;20;10775;49;;;10763.0;0.0
4;87500;SNACKPACK_STRAWBERRY;10737;27;10735;53;;;10756;27;10758;53;;;10746.5;0.0
4;87600;SNACKPACK_STRAWBERRY;10739;21;10737;56;;;10757;21;10759;56;;;10748.0;0.0
4;87700;SNACKPACK_STRAWBERRY;10746;37;10744;55;;;10764;37;10766;55;;;10755.0;0.0
4;87800;SNACKPACK_STRAWBERRY;10759;36;10757;45;;;10777;36;10780;45;;;10768.0;0.0
4;87900;SNACKPACK_STRAWBERRY;10766;23;10763;58;;;10784;23;10786;58;;;10775.0;0.0
4;88000;SNACKPACK_STRAWBERRY;10764;23;10762;43;;;10783;23;10785;43;;;10773.5;0.0
4;88100;SNACKPACK_STRAWBERRY;10763;28;10761;58;;;10781;28;10783;58;;;10772.0;0.0
4;88200;SNACKPACK_STRAWBERRY;10770;21;10768;45;;;10789;21;10791;45;;;10779.5;0.0
4;88300;SNACKPACK_STRAWBERRY;10780;22;10778;41;;;10799;22;10801;41;;;10789.5;0.0
4;88400;SNACKPACK_STRAWBERRY;10784;28;10782;43;;;10802;28;10805;43;;;10793.0;0.0
4;88500;SNACKPACK_STRAWBERRY;10779;27;10777;44;;;10798;27;10800;44;;;10788.5;0.0
4;88600;SNACKPACK_STRAWBERRY;10778;4;10770;20;10768;44;10788;20;10790;44;;;10783.0;0.0
4;88700;SNACKPACK_STRAWBERRY;10771;23;10769;57;;;10789;23;10791;57;;;10780.0;0.0
4;88800;SNACKPACK_STRAWBERRY;10767;24;10765;47;;;10785;24;10787;47;;;10776.0;0.0
4;88900;SNACKPACK_STRAWBERRY;10781;30;10779;57;;;10799;30;10801;57;;;10790.0;0.0
4;89000;SNACKPACK_STRAWBERRY;10765;25;10763;50;;;10784;25;10786;50;;;10774.5;0.0
4;89100;SNACKPACK_STRAWBERRY;10766;37;10764;47;;;10784;37;10786;47;;;10775.0;0.0
4;89200;SNACKPACK_STRAWBERRY;10776;30;10773;59;;;10794;30;10796;59;;;10785.0;0.0
4;89300;SNACKPACK_STRAWBERRY;10783;27;10781;44;;;10801;27;10803;44;;;10792.0;0.0
4;89400;SNACKPACK_STRAWBERRY;10783;39;10781;54;;;10801;39;10804;54;;;10792.0;0.0
4;89500;SNACKPACK_STRAWBERRY;10791;22;10789;49;;;10809;22;10812;49;;;10800.0;0.0
4;89600;SNACKPACK_STRAWBERRY;10780;39;10778;48;;;10798;39;10800;48;;;10789.0;0.0
4;89700;SNACKPACK_STRAWBERRY;10786;21;10784;42;;;10805;21;10807;42;;;10795.5;0.0
4;89800;SNACKPACK_STRAWBERRY;10786;38;10783;43;;;10804;38;10806;43;;;10795.0;0.0
4;89900;SNACKPACK_STRAWBERRY;10791;35;10789;45;;;10810;35;10812;45;;;10800.5;0.0
4;90000;SNACKPACK_STRAWBERRY;10785;27;10783;56;;;10804;27;10806;56;;;10794.5;0.0
4;90100;SNACKPACK_STRAWBERRY;10790;27;10788;60;;;10809;27;10811;60;;;10799.5;0.0
4;90200;SNACKPACK_STRAWBERRY;10784;33;10782;59;;;10802;33;10804;59;;;10793.0;0.0
4;90300;SNACKPACK_STRAWBERRY;10782;40;10780;48;;;10800;40;10802;48;;;10791.0;0.0
4;90400;SNACKPACK_STRAWBERRY;10798;37;10795;60;;;10816;37;10818;60;;;10807.0;0.0
4;90500;SNACKPACK_STRAWBERRY;10806;35;10804;47;;;10824;35;10826;47;;;10815.0;0.0
4;90600;SNACKPACK_STRAWBERRY;10811;33;10809;54;;;10829;33;10831;54;;;10820.0;0.0
4;90700;SNACKPACK_STRAWBERRY;10811;28;10808;57;;;10829;28;10831;57;;;10820.0;0.0
4;90800;SNACKPACK_STRAWBERRY;10805;24;10803;54;;;10823;24;10825;54;;;10814.0;0.0
4;90900;SNACKPACK_STRAWBERRY;10821;37;10819;40;;;10840;37;10842;40;;;10830.5;0.0
4;91000;SNACKPACK_STRAWBERRY;10811;32;10809;60;;;10829;32;10831;60;;;10820.0;0.0
4;91100;SNACKPACK_STRAWBERRY;10818;31;10816;51;;;10836;31;10838;51;;;10827.0;0.0
4;91200;SNACKPACK_STRAWBERRY;10831;26;10829;50;;;10850;26;10852;50;;;10840.5;0.0
4;91300;SNACKPACK_STRAWBERRY;10835;36;10833;43;;;10853;36;10855;43;;;10844.0;0.0
4;91400;SNACKPACK_STRAWBERRY;10838;37;10836;43;;;10856;37;10858;43;;;10847.0;0.0
4;91500;SNACKPACK_STRAWBERRY;10839;27;10837;53;;;10858;27;10860;53;;;10848.5;0.0
4;91600;SNACKPACK_STRAWBERRY;10835;33;10833;42;;;10854;33;10856;42;;;10844.5;0.0
4;91700;SNACKPACK_STRAWBERRY;10830;35;10828;49;;;10848;35;10850;49;;;10839.0;0.0
4;91800;SNACKPACK_STRAWBERRY;10821;38;10819;54;;;10839;38;10842;54;;;10830.0;0.0
4;91900;SNACKPACK_STRAWBERRY;10811;33;10808;49;;;10829;33;10831;49;;;10820.0;0.0
4;92000;SNACKPACK_STRAWBERRY;10829;21;10827;40;;;10847;21;10849;40;;;10838.0;0.0
4;92100;SNACKPACK_STRAWBERRY;10821;30;10819;41;;;10839;30;10842;41;;;10830.0;0.0
4;92200;SNACKPACK_STRAWBERRY;10812;38;10810;58;;;10831;38;10833;58;;;10821.5;0.0
4;92300;SNACKPACK_STRAWBERRY;10825;37;10823;51;;;10843;37;10846;51;;;10834.0;0.0
4;92400;SNACKPACK_STRAWBERRY;10831;39;10829;56;;;10850;39;10852;56;;;10840.5;0.0
4;92500;SNACKPACK_STRAWBERRY;10828;34;10826;41;;;10846;34;10849;41;;;10837.0;0.0
4;92600;SNACKPACK_STRAWBERRY;10817;30;10815;58;;;10836;30;10838;58;;;10826.5;0.0
4;92700;SNACKPACK_STRAWBERRY;10814;26;10812;45;;;10833;26;10835;45;;;10823.5;0.0
4;92800;SNACKPACK_STRAWBERRY;10817;30;10815;50;;;10835;30;10838;50;;;10826.0;0.0
4;92900;SNACKPACK_STRAWBERRY;10823;34;10821;43;;;10841;34;10844;43;;;10832.0;0.0
4;93000;SNACKPACK_STRAWBERRY;10834;34;10832;51;;;10852;34;10854;51;;;10843.0;0.0
4;93100;SNACKPACK_STRAWBERRY;10843;38;10841;56;;;10861;38;10864;56;;;10852.0;0.0
4;93200;SNACKPACK_STRAWBERRY;10840;20;10838;55;;;10858;20;10861;55;;;10849.0;0.0
4;93300;SNACKPACK_STRAWBERRY;10838;27;10835;48;;;10856;27;10858;48;;;10847.0;0.0
4;93400;SNACKPACK_STRAWBERRY;10841;28;10839;56;;;10859;28;10861;56;;;10850.0;0.0
4;93500;SNACKPACK_STRAWBERRY;10846;20;10843;41;;;10864;20;10866;41;;;10855.0;0.0
4;93600;SNACKPACK_STRAWBERRY;10840;38;10838;47;;;10859;38;10861;47;;;10849.5;0.0
4;93700;SNACKPACK_STRAWBERRY;10838;37;10836;59;;;10856;37;10859;59;;;10847.0;0.0
4;93800;SNACKPACK_STRAWBERRY;10829;27;10826;52;;;10847;27;10849;52;;;10838.0;0.0
4;93900;SNACKPACK_STRAWBERRY;10820;33;10818;60;;;10839;33;10841;60;;;10829.5;0.0
4;94000;SNACKPACK_STRAWBERRY;10812;21;10810;56;;;10831;21;10833;56;;;10821.5;0.0
4;94100;SNACKPACK_STRAWBERRY;10822;29;10820;52;;;10840;29;10843;52;;;10831.0;0.0
4;94200;SNACKPACK_STRAWBERRY;10826;21;10823;42;;;10844;21;10846;42;;;10835.0;0.0
4;94300;SNACKPACK_STRAWBERRY;10830;37;10828;57;;;10849;37;10851;57;;;10839.5;0.0
4;94400;SNACKPACK_STRAWBERRY;10827;25;10825;60;;;10845;25;10847;60;;;10836.0;0.0
4;94500;SNACKPACK_STRAWBERRY;10828;31;10826;48;;;10847;31;10849;48;;;10837.5;0.0
4;94600;SNACKPACK_STRAWBERRY;10831;20;10829;41;;;10850;20;10852;41;;;10840.5;0.0
4;94700;SNACKPACK_STRAWBERRY;10826;32;10824;41;;;10844;32;10847;41;;;10835.0;0.0
4;94800;SNACKPACK_STRAWBERRY;10830;29;10828;41;;;10848;29;10851;41;;;10839.0;0.0
4;94900;SNACKPACK_STRAWBERRY;10834;21;10832;55;;;10852;21;10855;55;;;10843.0;0.0
4;95000;SNACKPACK_STRAWBERRY;10821;23;10819;60;;;10840;23;10842;60;;;10830.5;0.0
4;95100;SNACKPACK_STRAWBERRY;10820;30;10818;54;;;10838;30;10840;54;;;10829.0;0.0
4;95200;SNACKPACK_STRAWBERRY;10805;40;10803;40;;;10824;40;10826;40;;;10814.5;0.0
4;95300;SNACKPACK_STRAWBERRY;10797;35;10795;40;;;10815;35;10818;40;;;10806.0;0.0
4;95400;SNACKPACK_STRAWBERRY;10795;35;10793;57;;;10813;35;10815;57;;;10804.0;0.0
4;95500;SNACKPACK_STRAWBERRY;10793;21;10791;48;;;10812;21;10814;48;;;10802.5;0.0
4;95600;SNACKPACK_STRAWBERRY;10795;31;10793;59;;;10813;31;10815;59;;;10804.0;0.0
4;95700;SNACKPACK_STRAWBERRY;10785;37;10783;56;;;10803;37;10805;56;;;10794.0;0.0
4;95800;SNACKPACK_STRAWBERRY;10791;29;10789;47;;;10810;29;10812;47;;;10800.5;0.0
4;95900;SNACKPACK_STRAWBERRY;10787;21;10785;56;;;10806;21;10808;56;;;10796.5;0.0
4;96000;SNACKPACK_STRAWBERRY;10785;31;10782;50;;;10803;31;10805;50;;;10794.0;0.0
4;96100;SNACKPACK_STRAWBERRY;10777;34;10775;60;;;10795;34;10797;60;;;10786.0;0.0
4;96200;SNACKPACK_STRAWBERRY;10782;32;10780;44;;;10801;32;10803;44;;;10791.5;0.0
4;96300;SNACKPACK_STRAWBERRY;10786;40;10784;55;;;10804;40;10806;55;;;10795.0;0.0
4;96400;SNACKPACK_STRAWBERRY;10780;32;10778;55;;;10799;32;10801;55;;;10789.5;0.0
4;96500;SNACKPACK_STRAWBERRY;10780;29;10778;44;;;10798;29;10800;44;;;10789.0;0.0
4;96600;SNACKPACK_STRAWBERRY;10778;25;10776;51;;;10797;25;10799;51;;;10787.5;0.0
4;96700;SNACKPACK_STRAWBERRY;10764;31;10761;60;;;10782;31;10784;60;;;10773.0;0.0
4;96800;SNACKPACK_STRAWBERRY;10762;21;10760;42;;;10780;21;10782;42;;;10771.0;0.0
4;96900;SNACKPACK_STRAWBERRY;10770;22;10768;49;;;10788;22;10790;49;;;10779.0;0.0
4;97000;SNACKPACK_STRAWBERRY;10767;37;10764;48;;;10785;37;10787;48;;;10776.0;0.0
4;97100;SNACKPACK_STRAWBERRY;10759;39;10757;53;;;10777;39;10780;53;;;10768.0;0.0
4;97200;SNACKPACK_STRAWBERRY;10752;32;10750;57;;;10770;32;10773;57;;;10761.0;0.0
4;97300;SNACKPACK_STRAWBERRY;10762;24;10760;44;;;10780;24;10783;44;;;10771.0;0.0
4;97400;SNACKPACK_STRAWBERRY;10753;20;10751;48;;;10771;20;10773;48;;;10762.0;0.0
4;97500;SNACKPACK_STRAWBERRY;10750;40;10748;41;;;10768;40;10770;41;;;10759.0;0.0
4;97600;SNACKPACK_STRAWBERRY;10743;29;10741;50;;;10761;29;10764;50;;;10752.0;0.0
4;97700;SNACKPACK_STRAWBERRY;10734;37;10732;58;;;10752;37;10755;58;;;10743.0;0.0
4;97800;SNACKPACK_STRAWBERRY;10742;26;10740;53;;;10760;26;10762;53;;;10751.0;0.0
4;97900;SNACKPACK_STRAWBERRY;10741;34;10739;45;;;10759;34;10761;45;;;10750.0;0.0
4;98000;SNACKPACK_STRAWBERRY;10733;30;10731;45;;;10751;30;10753;45;;;10742.0;0.0
4;98100;SNACKPACK_STRAWBERRY;10731;36;10729;57;;;10749;36;10752;57;;;10740.0;0.0
4;98200;SNACKPACK_STRAWBERRY;10737;27;10735;50;;;10755;27;10757;50;;;10746.0;0.0
4;98300;SNACKPACK_STRAWBERRY;10741;34;10738;58;;;10759;34;10761;58;;;10750.0;0.0
4;98400;SNACKPACK_STRAWBERRY;10734;38;10732;54;;;10752;38;10754;54;;;10743.0;0.0
4;98500;SNACKPACK_STRAWBERRY;10741;21;10739;55;;;10760;21;10762;55;;;10750.5;0.0
4;98600;SNACKPACK_STRAWBERRY;10738;23;10736;54;;;10756;23;10758;54;;;10747.0;0.0
4;98700;SNACKPACK_STRAWBERRY;10752;39;10750;54;;;10770;39;10772;54;;;10761.0;0.0
4;98800;SNACKPACK_STRAWBERRY;10752;21;10750;49;;;10770;21;10772;49;;;10761.0;0.0
4;98900;SNACKPACK_STRAWBERRY;10735;40;10733;48;;;10753;40;10755;48;;;10744.0;0.0
4;99000;SNACKPACK_STRAWBERRY;10734;36;10732;49;;;10752;36;10754;49;;;10743.0;0.0
4;99100;SNACKPACK_STRAWBERRY;10743;36;10741;55;;;10761;36;10764;55;;;10752.0;0.0
4;99200;SNACKPACK_STRAWBERRY;10741;26;10739;41;;;10750;5;10760;26;10762;41;10745.5;0.0
4;99300;SNACKPACK_STRAWBERRY;10749;39;10747;47;;;10768;39;10770;47;;;10758.5;0.0
4;99400;SNACKPACK_STRAWBERRY;10766;37;10764;49;;;10784;37;10786;49;;;10775.0;0.0
4;99500;SNACKPACK_STRAWBERRY;10774;35;10772;43;;;10792;35;10795;43;;;10783.0;0.0
4;99600;SNACKPACK_STRAWBERRY;10778;36;10776;56;;;10796;36;10798;56;;;10787.0;0.0
4;99700;SNACKPACK_STRAWBERRY;10773;25;10771;58;;;10791;25;10794;58;;;10782.0;0.0
4;99800;SNACKPACK_STRAWBERRY;10780;24;10778;42;;;10798;24;10800;42;;;10789.0;0.0
4;99900;SNACKPACK_STRAWBERRY;10784;20;10782;43;;;10802;20;10804;43;;;10793.0;0.0
4;100000;SNACKPACK_STRAWBERRY;10782;36;10780;56;;;10800;36;10802;56;;;10791.0;0.0
4;100100;SNACKPACK_STRAWBERRY;10794;37;10791;40;;;10812;37;10814;40;;;10803.0;0.0
4;100200;SNACKPACK_STRAWBERRY;10784;38;10781;41;;;10802;38;10804;41;;;10793.0;0.0
4;100300;SNACKPACK_STRAWBERRY;10789;32;10787;41;;;10807;32;10809;41;;;10798.0;0.0
4;100400;SNACKPACK_STRAWBERRY;10782;35;10780;46;;;10800;35;10802;46;;;10791.0;0.0
4;100500;SNACKPACK_STRAWBERRY;10778;22;10776;46;;;10796;22;10799;46;;;10787.0;0.0
4;100600;SNACKPACK_STRAWBERRY;10773;22;10771;41;;;10791;22;10793;41;;;10782.0;0.0
4;100700;SNACKPACK_STRAWBERRY;10780;37;10777;59;;;10798;37;10800;59;;;10789.0;0.0
4;100800;SNACKPACK_STRAWBERRY;10773;24;10771;45;;;10791;24;10793;45;;;10782.0;0.0
4;100900;SNACKPACK_STRAWBERRY;10774;22;10772;56;;;10792;22;10794;56;;;10783.0;0.0
4;101000;SNACKPACK_STRAWBERRY;10775;39;10773;48;;;10793;39;10795;48;;;10784.0;0.0
4;101100;SNACKPACK_STRAWBERRY;10783;25;10781;49;;;10801;25;10803;49;;;10792.0;0.0
4;101200;SNACKPACK_STRAWBERRY;10792;30;10790;58;;;10810;30;10812;58;;;10801.0;0.0
4;101300;SNACKPACK_STRAWBERRY;10791;22;10789;49;;;10809;22;10811;49;;;10800.0;0.0
4;101400;SNACKPACK_STRAWBERRY;10789;30;10787;47;;;10807;30;10809;47;;;10798.0;0.0
4;101500;SNACKPACK_STRAWBERRY;10799;38;10797;56;;;10818;38;10820;56;;;10808.5;0.0
4;101600;SNACKPACK_STRAWBERRY;10805;23;10803;41;;;10824;23;10826;41;;;10814.5;0.0
4;101700;SNACKPACK_STRAWBERRY;10810;21;10808;42;;;10828;21;10830;42;;;10819.0;0.0
4;101800;SNACKPACK_STRAWBERRY;10813;29;10811;58;;;10831;29;10834;58;;;10822.0;0.0
4;101900;SNACKPACK_STRAWBERRY;10820;30;10818;56;;;10839;30;10841;56;;;10829.5;0.0
4;102000;SNACKPACK_STRAWBERRY;10818;21;10816;43;;;10837;21;10839;43;;;10827.5;0.0
4;102100;SNACKPACK_STRAWBERRY;10832;30;10830;57;;;10851;30;10853;57;;;10841.5;0.0
4;102200;SNACKPACK_STRAWBERRY;10818;37;10816;47;;;10836;37;10838;47;;;10827.0;0.0
4;102300;SNACKPACK_STRAWBERRY;10828;6;10819;22;10817;47;10837;22;10839;47;;;10832.5;0.0
4;102400;SNACKPACK_STRAWBERRY;10802;21;10800;58;;;10820;21;10822;58;;;10811.0;0.0
4;102500;SNACKPACK_STRAWBERRY;10798;36;10796;41;;;10817;36;10819;41;;;10807.5;0.0
4;102600;SNACKPACK_STRAWBERRY;10789;25;10787;40;;;10807;25;10810;40;;;10798.0;0.0
4;102700;SNACKPACK_STRAWBERRY;10794;27;10792;60;;;10813;27;10815;60;;;10803.5;0.0
4;102800;SNACKPACK_STRAWBERRY;10778;20;10775;50;;;10796;20;10798;50;;;10787.0;0.0
4;102900;SNACKPACK_STRAWBERRY;10783;25;10781;44;;;10801;25;10803;44;;;10792.0;0.0
4;103000;SNACKPACK_STRAWBERRY;10777;37;10775;42;;;10795;37;10797;42;;;10786.0;0.0
4;103100;SNACKPACK_STRAWBERRY;10783;24;10781;46;;;10801;24;10803;46;;;10792.0;0.0
4;103200;SNACKPACK_STRAWBERRY;10793;31;10791;54;;;10811;31;10813;54;;;10802.0;0.0
4;103300;SNACKPACK_STRAWBERRY;10803;22;10800;53;;;10821;22;10823;53;;;10812.0;0.0
4;103400;SNACKPACK_STRAWBERRY;10794;34;10792;55;;;10812;34;10814;55;;;10803.0;0.0
4;103500;SNACKPACK_STRAWBERRY;10793;29;10791;59;;;10812;29;10814;59;;;10802.5;0.0
4;103600;SNACKPACK_STRAWBERRY;10812;21;10810;53;;;10831;21;10833;53;;;10821.5;0.0
4;103700;SNACKPACK_STRAWBERRY;10822;39;10820;40;;;10841;39;10843;40;;;10831.5;0.0
4;103800;SNACKPACK_STRAWBERRY;10824;22;10822;60;;;10843;22;10845;60;;;10833.5;0.0
4;103900;SNACKPACK_STRAWBERRY;10821;20;10819;48;;;10840;20;10842;48;;;10830.5;0.0
4;104000;SNACKPACK_STRAWBERRY;10823;33;10820;58;;;10841;33;10843;58;;;10832.0;0.0
4;104100;SNACKPACK_STRAWBERRY;10825;34;10822;57;;;10843;34;10845;57;;;10834.0;0.0
4;104200;SNACKPACK_STRAWBERRY;10806;32;10803;41;;;10824;32;10826;41;;;10815.0;0.0
4;104300;SNACKPACK_STRAWBERRY;10803;37;10801;49;;;10821;37;10824;49;;;10812.0;0.0
4;104400;SNACKPACK_STRAWBERRY;10808;36;10806;54;;;10826;36;10828;54;;;10817.0;0.0
4;104500;SNACKPACK_STRAWBERRY;10810;38;10808;59;;;10828;38;10831;59;;;10819.0;0.0
4;104600;SNACKPACK_STRAWBERRY;10814;33;10812;45;;;10833;33;10835;45;;;10823.5;0.0
4;104700;SNACKPACK_STRAWBERRY;10807;26;10805;59;;;10825;26;10827;59;;;10816.0;0.0
4;104800;SNACKPACK_STRAWBERRY;10802;2;10794;23;10792;44;10812;23;10814;44;;;10807.0;0.0
4;104900;SNACKPACK_STRAWBERRY;10815;28;10813;52;;;10833;28;10836;52;;;10824.0;0.0
4;105000;SNACKPACK_STRAWBERRY;10803;38;10801;48;;;10821;38;10823;48;;;10812.0;0.0
4;105100;SNACKPACK_STRAWBERRY;10810;30;10808;55;;;10828;30;10830;55;;;10819.0;0.0
4;105200;SNACKPACK_STRAWBERRY;10828;20;10826;55;;;10846;20;10848;55;;;10837.0;0.0
4;105300;SNACKPACK_STRAWBERRY;10822;28;10820;60;;;10841;28;10843;60;;;10831.5;0.0
4;105400;SNACKPACK_STRAWBERRY;10815;39;10813;48;;;10833;39;10836;48;;;10824.0;0.0
4;105500;SNACKPACK_STRAWBERRY;10821;40;10819;52;;;10839;40;10841;52;;;10830.0;0.0
4;105600;SNACKPACK_STRAWBERRY;10821;21;10818;54;;;10839;21;10841;54;;;10830.0;0.0
4;105700;SNACKPACK_STRAWBERRY;10821;28;10819;52;;;10839;28;10841;52;;;10830.0;0.0
4;105800;SNACKPACK_STRAWBERRY;10822;39;10819;59;;;10840;39;10842;59;;;10831.0;0.0
4;105900;SNACKPACK_STRAWBERRY;10821;25;10819;49;;;10839;25;10841;49;;;10830.0;0.0
4;106000;SNACKPACK_STRAWBERRY;10819;27;10817;45;;;10838;27;10840;45;;;10828.5;0.0
4;106100;SNACKPACK_STRAWBERRY;10820;35;10818;50;;;10839;35;10841;50;;;10829.5;0.0
4;106200;SNACKPACK_STRAWBERRY;10814;29;10811;44;;;10832;29;10834;44;;;10823.0;0.0
4;106300;SNACKPACK_STRAWBERRY;10804;35;10802;48;;;10823;35;10825;48;;;10813.5;0.0
4;106400;SNACKPACK_STRAWBERRY;10799;24;10797;58;;;10818;24;10820;58;;;10808.5;0.0
4;106500;SNACKPACK_STRAWBERRY;10813;39;10811;57;;;10831;39;10834;57;;;10822.0;0.0
4;106600;SNACKPACK_STRAWBERRY;10816;36;10814;57;;;10835;36;10837;57;;;10825.5;0.0
4;106700;SNACKPACK_STRAWBERRY;10822;38;10820;50;;;10840;38;10843;50;;;10831.0;0.0
4;106800;SNACKPACK_STRAWBERRY;10824;35;10822;41;;;10842;35;10844;41;;;10833.0;0.0
4;106900;SNACKPACK_STRAWBERRY;10830;37;10828;51;;;10848;37;10851;51;;;10839.0;0.0
4;107000;SNACKPACK_STRAWBERRY;10835;37;10833;43;;;10853;37;10855;43;;;10844.0;0.0
4;107100;SNACKPACK_STRAWBERRY;10837;31;10835;42;;;10856;31;10858;42;;;10846.5;0.0
4;107200;SNACKPACK_STRAWBERRY;10850;24;10848;56;;;10868;24;10870;56;;;10859.0;0.0
4;107300;SNACKPACK_STRAWBERRY;10839;25;10837;58;;;10858;25;10860;58;;;10848.5;0.0
4;107400;SNACKPACK_STRAWBERRY;10843;29;10841;42;;;10861;29;10863;42;;;10852.0;0.0
4;107500;SNACKPACK_STRAWBERRY;10852;27;10850;52;;;10871;27;10873;52;;;10861.5;0.0
4;107600;SNACKPACK_STRAWBERRY;10841;21;10839;57;;;10859;21;10861;57;;;10850.0;0.0
4;107700;SNACKPACK_STRAWBERRY;10834;20;10831;52;;;10852;20;10854;52;;;10843.0;0.0
4;107800;SNACKPACK_STRAWBERRY;10838;30;10835;43;;;10856;30;10858;43;;;10847.0;0.0
4;107900;SNACKPACK_STRAWBERRY;10846;36;10844;47;;;10864;36;10866;47;;;10855.0;0.0
4;108000;SNACKPACK_STRAWBERRY;10856;28;10854;50;;;10874;28;10876;50;;;10865.0;0.0
4;108100;SNACKPACK_STRAWBERRY;10847;30;10845;41;;;10865;30;10868;41;;;10856.0;0.0
4;108200;SNACKPACK_STRAWBERRY;10844;29;10842;44;;;10862;29;10864;44;;;10853.0;0.0
4;108300;SNACKPACK_STRAWBERRY;10853;32;10851;44;;;10871;32;10874;44;;;10862.0;0.0
4;108400;SNACKPACK_STRAWBERRY;10865;40;10863;56;;;10884;40;10886;56;;;10874.5;0.0
4;108500;SNACKPACK_STRAWBERRY;10875;34;10873;52;;;10893;34;10895;52;;;10884.0;0.0
4;108600;SNACKPACK_STRAWBERRY;10879;35;10877;60;;;10897;35;10899;60;;;10888.0;0.0
4;108700;SNACKPACK_STRAWBERRY;10871;20;10869;58;;;10890;20;10892;58;;;10880.5;0.0
4;108800;SNACKPACK_STRAWBERRY;10873;28;10871;54;;;10891;28;10894;54;;;10882.0;0.0
4;108900;SNACKPACK_STRAWBERRY;10888;37;10886;41;;;10906;37;10908;41;;;10897.0;0.0
4;109000;SNACKPACK_STRAWBERRY;10882;21;10880;48;;;10901;21;10903;48;;;10891.5;0.0
4;109100;SNACKPACK_STRAWBERRY;10882;25;10880;52;;;10900;25;10902;52;;;10891.0;0.0
4;109200;SNACKPACK_STRAWBERRY;10875;36;10873;45;;;10894;36;10896;45;;;10884.5;0.0
4;109300;SNACKPACK_STRAWBERRY;10878;35;10876;43;;;10897;35;10899;43;;;10887.5;0.0
4;109400;SNACKPACK_STRAWBERRY;10874;37;10872;41;;;10893;37;10895;41;;;10883.5;0.0
4;109500;SNACKPACK_STRAWBERRY;10872;38;10870;49;;;10891;38;10893;49;;;10881.5;0.0
4;109600;SNACKPACK_STRAWBERRY;10876;39;10874;49;;;10895;39;10897;49;;;10885.5;0.0
4;109700;SNACKPACK_STRAWBERRY;10879;35;10877;52;;;10897;35;10899;52;;;10888.0;0.0
4;109800;SNACKPACK_STRAWBERRY;10887;35;10885;59;;;10905;35;10908;59;;;10896.0;0.0
4;109900;SNACKPACK_STRAWBERRY;10884;29;10882;42;;;10903;29;10905;42;;;10893.5;0.0
4;110000;SNACKPACK_STRAWBERRY;10887;2;10878;29;10876;53;10896;29;10899;53;;;10891.5;0.0
4;110100;SNACKPACK_STRAWBERRY;10873;39;10871;52;;;10892;39;10894;52;;;10882.5;0.0
4;110200;SNACKPACK_STRAWBERRY;10877;26;10875;52;;;10895;26;10898;52;;;10886.0;0.0
4;110300;SNACKPACK_STRAWBERRY;10885;21;10883;42;;;10904;21;10906;42;;;10894.5;0.0
4;110400;SNACKPACK_STRAWBERRY;10900;24;10897;50;;;10918;24;10920;50;;;10909.0;0.0
4;110500;SNACKPACK_STRAWBERRY;10902;27;10900;53;;;10921;27;10923;53;;;10911.5;0.0
4;110600;SNACKPACK_STRAWBERRY;10895;36;10893;41;;;10914;36;10916;41;;;10904.5;0.0
4;110700;SNACKPACK_STRAWBERRY;10908;22;10906;57;;;10927;22;10929;57;;;10917.5;0.0
4;110800;SNACKPACK_STRAWBERRY;10909;30;10907;52;;;10928;30;10930;52;;;10918.5;0.0
4;110900;SNACKPACK_STRAWBERRY;10920;37;10918;40;;;10938;37;10940;40;;;10929.0;0.0
4;111000;SNACKPACK_STRAWBERRY;10909;37;10907;57;;;10927;37;10929;57;;;10918.0;0.0
4;111100;SNACKPACK_STRAWBERRY;10899;31;10897;51;;;10918;31;10920;51;;;10908.5;0.0
4;111200;SNACKPACK_STRAWBERRY;10890;34;10888;51;;;10908;34;10911;51;;;10899.0;0.0
4;111300;SNACKPACK_STRAWBERRY;10896;20;10893;49;;;10914;20;10916;49;;;10905.0;0.0
4;111400;SNACKPACK_STRAWBERRY;10888;23;10886;55;;;10907;23;10909;55;;;10897.5;0.0
4;111500;SNACKPACK_STRAWBERRY;10885;22;10883;46;;;10904;22;10906;46;;;10894.5;0.0
4;111600;SNACKPACK_STRAWBERRY;10892;2;10883;35;10881;43;10902;35;10904;43;;;10897.0;0.0
4;111700;SNACKPACK_STRAWBERRY;10877;26;10875;54;;;10895;26;10897;54;;;10886.0;0.0
4;111800;SNACKPACK_STRAWBERRY;10865;22;10862;60;;;10883;22;10885;60;;;10874.0;0.0
4;111900;SNACKPACK_STRAWBERRY;10873;31;10871;44;;;10892;31;10894;44;;;10882.5;0.0
4;112000;SNACKPACK_STRAWBERRY;10878;29;10876;49;;;10896;29;10898;49;;;10887.0;0.0
4;112100;SNACKPACK_STRAWBERRY;10871;26;10869;53;;;10889;26;10891;53;;;10880.0;0.0
4;112200;SNACKPACK_STRAWBERRY;10865;36;10863;48;;;10884;36;10886;48;;;10874.5;0.0
4;112300;SNACKPACK_STRAWBERRY;10877;23;10875;44;;;10896;23;10898;44;;;10886.5;0.0
4;112400;SNACKPACK_STRAWBERRY;10873;34;10871;42;;;10892;34;10894;42;;;10882.5;0.0
4;112500;SNACKPACK_STRAWBERRY;10873;36;10871;58;;;10891;36;10893;58;;;10882.0;0.0
4;112600;SNACKPACK_STRAWBERRY;10882;25;10880;54;;;10901;25;10903;54;;;10891.5;0.0
4;112700;SNACKPACK_STRAWBERRY;10884;24;10882;40;;;10903;24;10905;40;;;10893.5;0.0
4;112800;SNACKPACK_STRAWBERRY;10887;27;10885;40;;;10905;27;10908;40;;;10896.0;0.0
4;112900;SNACKPACK_STRAWBERRY;10895;22;10892;51;;;10913;22;10915;51;;;10904.0;0.0
4;113000;SNACKPACK_STRAWBERRY;10896;39;10893;49;;;10914;39;10916;49;;;10905.0;0.0
4;113100;SNACKPACK_STRAWBERRY;10914;30;10912;49;;;10933;30;10935;49;;;10923.5;0.0
4;113200;SNACKPACK_STRAWBERRY;10915;32;10912;51;;;10933;32;10935;51;;;10924.0;0.0
4;113300;SNACKPACK_STRAWBERRY;10900;26;10898;54;;;10918;26;10921;54;;;10909.0;0.0
4;113400;SNACKPACK_STRAWBERRY;10880;35;10878;50;;;10898;35;10900;50;;;10889.0;0.0
4;113500;SNACKPACK_STRAWBERRY;10876;34;10874;58;;;10895;34;10897;58;;;10885.5;0.0
4;113600;SNACKPACK_STRAWBERRY;10878;35;10876;48;;;10896;35;10898;48;;;10887.0;0.0
4;113700;SNACKPACK_STRAWBERRY;10883;28;10880;48;;;10901;28;10903;48;;;10892.0;0.0
4;113800;SNACKPACK_STRAWBERRY;10871;23;10869;56;;;10889;23;10891;56;;;10880.0;0.0
4;113900;SNACKPACK_STRAWBERRY;10873;21;10870;60;;;10891;21;10893;60;;;10882.0;0.0
4;114000;SNACKPACK_STRAWBERRY;10875;31;10873;53;;;10893;31;10895;53;;;10884.0;0.0
4;114100;SNACKPACK_STRAWBERRY;10875;38;10873;54;;;10894;38;10896;54;;;10884.5;0.0
4;114200;SNACKPACK_STRAWBERRY;10865;39;10862;59;;;10883;39;10885;59;;;10874.0;0.0
4;114300;SNACKPACK_STRAWBERRY;10875;21;10873;53;;;10894;21;10896;53;;;10884.5;0.0
4;114400;SNACKPACK_STRAWBERRY;10883;4;10874;39;10872;41;10892;39;10895;41;;;10887.5;0.0
4;114500;SNACKPACK_STRAWBERRY;10864;26;10861;56;;;10882;26;10884;56;;;10873.0;0.0
4;114600;SNACKPACK_STRAWBERRY;10855;35;10853;46;;;10874;35;10876;46;;;10864.5;0.0
4;114700;SNACKPACK_STRAWBERRY;10858;34;10856;40;;;10876;34;10879;40;;;10867.0;0.0
4;114800;SNACKPACK_STRAWBERRY;10866;34;10864;54;;;10884;34;10886;54;;;10875.0;0.0
4;114900;SNACKPACK_STRAWBERRY;10875;20;10873;60;;;10893;20;10896;60;;;10884.0;0.0
4;115000;SNACKPACK_STRAWBERRY;10878;24;10876;48;;;10896;24;10899;48;;;10887.0;0.0
4;115100;SNACKPACK_STRAWBERRY;10874;25;10872;53;;;10893;25;10895;53;;;10883.5;0.0
4;115200;SNACKPACK_STRAWBERRY;10869;35;10867;59;;;10888;35;10890;59;;;10878.5;0.0
4;115300;SNACKPACK_STRAWBERRY;10873;31;10871;54;;;10891;31;10893;54;;;10882.0;0.0
4;115400;SNACKPACK_STRAWBERRY;10879;26;10877;57;;;10897;26;10899;57;;;10888.0;0.0
4;115500;SNACKPACK_STRAWBERRY;10879;34;10877;55;;;10897;34;10899;55;;;10888.0;0.0
4;115600;SNACKPACK_STRAWBERRY;10876;31;10874;56;;;10895;31;10897;56;;;10885.5;0.0
4;115700;SNACKPACK_STRAWBERRY;10865;31;10863;40;;;10884;31;10886;40;;;10874.5;0.0
4;115800;SNACKPACK_STRAWBERRY;10871;27;10869;51;;;10890;27;10892;51;;;10880.5;0.0
4;115900;SNACKPACK_STRAWBERRY;10868;20;10866;53;;;10886;20;10889;53;;;10877.0;0.0
4;116000;SNACKPACK_STRAWBERRY;10864;40;10862;48;;;10882;40;10885;48;;;10873.0;0.0
4;116100;SNACKPACK_STRAWBERRY;10855;30;10852;55;;;10873;30;10875;55;;;10864.0;0.0
4;116200;SNACKPACK_STRAWBERRY;10857;38;10855;60;;;10876;38;10878;60;;;10866.5;0.0
4;116300;SNACKPACK_STRAWBERRY;10853;37;10851;49;;;10872;37;10874;49;;;10862.5;0.0
4;116400;SNACKPACK_STRAWBERRY;10837;31;10835;57;;;10855;31;10857;57;;;10846.0;0.0
4;116500;SNACKPACK_STRAWBERRY;10812;20;10810;58;;;10831;20;10833;58;;;10821.5;0.0
4;116600;SNACKPACK_STRAWBERRY;10819;28;10817;45;;;10837;28;10840;45;;;10828.0;0.0
4;116700;SNACKPACK_STRAWBERRY;10816;36;10814;54;;;10834;36;10837;54;;;10825.0;0.0
4;116800;SNACKPACK_STRAWBERRY;10819;34;10817;59;;;10837;34;10839;59;;;10828.0;0.0
4;116900;SNACKPACK_STRAWBERRY;10833;37;10831;52;;;10851;37;10853;52;;;10842.0;0.0
4;117000;SNACKPACK_STRAWBERRY;10827;38;10825;40;;;10845;38;10847;40;;;10836.0;0.0
4;117100;SNACKPACK_STRAWBERRY;10810;31;10808;53;;;10828;31;10831;53;;;10819.0;0.0
4;117200;SNACKPACK_STRAWBERRY;10805;36;10803;51;;;10824;36;10826;51;;;10814.5;0.0
4;117300;SNACKPACK_STRAWBERRY;10808;30;10806;43;;;10826;30;10828;43;;;10817.0;0.0
4;117400;SNACKPACK_STRAWBERRY;10811;38;10808;48;;;10829;38;10831;48;;;10820.0;0.0
4;117500;SNACKPACK_STRAWBERRY;10810;37;10808;43;;;10828;37;10831;43;;;10819.0;0.0
4;117600;SNACKPACK_STRAWBERRY;10805;39;10803;43;;;10824;39;10826;43;;;10814.5;0.0
4;117700;SNACKPACK_STRAWBERRY;10806;39;10804;43;;;10825;39;10827;43;;;10815.5;0.0
4;117800;SNACKPACK_STRAWBERRY;10808;29;10806;50;;;10826;29;10828;50;;;10817.0;0.0
4;117900;SNACKPACK_STRAWBERRY;10819;21;10817;54;;;10838;21;10840;54;;;10828.5;0.0
4;118000;SNACKPACK_STRAWBERRY;10824;37;10822;47;;;10843;37;10845;47;;;10833.5;0.0
4;118100;SNACKPACK_STRAWBERRY;10816;26;10814;49;;;10835;26;10837;49;;;10825.5;0.0
4;118200;SNACKPACK_STRAWBERRY;10822;34;10820;48;;;10840;34;10842;48;;;10831.0;0.0
4;118300;SNACKPACK_STRAWBERRY;10819;29;10817;59;;;10837;29;10839;59;;;10828.0;0.0
4;118400;SNACKPACK_STRAWBERRY;10812;22;10810;41;;;10830;22;10832;41;;;10821.0;0.0
4;118500;SNACKPACK_STRAWBERRY;10814;37;10812;58;;;10823;3;10832;37;10834;58;10818.5;0.0
4;118600;SNACKPACK_STRAWBERRY;10823;35;10820;60;;;10841;35;10843;60;;;10832.0;0.0
4;118700;SNACKPACK_STRAWBERRY;10829;37;10827;58;;;10848;37;10850;58;;;10838.5;0.0
4;118800;SNACKPACK_STRAWBERRY;10825;32;10823;41;;;10844;32;10846;41;;;10834.5;0.0
4;118900;SNACKPACK_STRAWBERRY;10825;20;10823;43;;;10843;20;10846;43;;;10834.0;0.0
4;119000;SNACKPACK_STRAWBERRY;10827;27;10825;59;;;10846;27;10848;59;;;10836.5;0.0
4;119100;SNACKPACK_STRAWBERRY;10828;36;10825;45;;;10846;36;10848;45;;;10837.0;0.0
4;119200;SNACKPACK_STRAWBERRY;10836;25;10834;52;;;10855;25;10857;52;;;10845.5;0.0
4;119300;SNACKPACK_STRAWBERRY;10822;32;10820;48;;;10840;32;10843;48;;;10831.0;0.0
4;119400;SNACKPACK_STRAWBERRY;10828;24;10826;43;;;10847;24;10849;43;;;10837.5;0.0
4;119500;SNACKPACK_STRAWBERRY;10834;26;10831;47;;;10852;26;10854;47;;;10843.0;0.0
4;119600;SNACKPACK_STRAWBERRY;10832;21;10829;53;;;10850;21;10852;53;;;10841.0;0.0
4;119700;SNACKPACK_STRAWBERRY;10822;30;10820;46;;;10840;30;10842;46;;;10831.0;0.0
4;119800;SNACKPACK_STRAWBERRY;10818;26;10816;51;;;10836;26;10839;51;;;10827.0;0.0
4;119900;SNACKPACK_STRAWBERRY;10819;24;10817;48;;;10838;24;10840;48;;;10828.5;0.0
4;120000;SNACKPACK_STRAWBERRY;10823;29;10821;59;;;10842;29;10844;59;;;10832.5;0.0
4;120100;SNACKPACK_STRAWBERRY;10824;26;10822;59;;;10843;26;10845;59;;;10833.5;0.0
4;120200;SNACKPACK_STRAWBERRY;10825;21;10823;43;;;10843;21;10845;43;;;10834.0;0.0
4;120300;SNACKPACK_STRAWBERRY;10827;20;10825;46;;;10845;20;10847;46;;;10836.0;0.0
4;120400;SNACKPACK_STRAWBERRY;10823;22;10821;58;;;10841;22;10843;58;;;10832.0;0.0
4;120500;SNACKPACK_STRAWBERRY;10823;25;10821;43;;;10842;25;10844;43;;;10832.5;0.0
4;120600;SNACKPACK_STRAWBERRY;10827;31;10825;53;;;10846;31;10848;53;;;10836.5;0.0
4;120700;SNACKPACK_STRAWBERRY;10836;34;10834;51;;;10855;34;10857;51;;;10845.5;0.0
4;120800;SNACKPACK_STRAWBERRY;10833;35;10831;40;;;10851;35;10854;40;;;10842.0;0.0
4;120900;SNACKPACK_STRAWBERRY;10841;40;10839;47;;;10859;40;10861;47;;;10850.0;0.0
4;121000;SNACKPACK_STRAWBERRY;10838;21;10835;43;;;10856;21;10858;43;;;10847.0;0.0
4;121100;SNACKPACK_STRAWBERRY;10831;25;10829;51;;;10849;25;10851;51;;;10840.0;0.0
4;121200;SNACKPACK_STRAWBERRY;10844;33;10842;54;;;10862;33;10864;54;;;10853.0;0.0
4;121300;SNACKPACK_STRAWBERRY;10862;2;10854;25;10852;42;10872;25;10874;42;;;10867.0;0.0
4;121400;SNACKPACK_STRAWBERRY;10862;30;10860;50;;;10881;30;10883;50;;;10871.5;0.0
4;121500;SNACKPACK_STRAWBERRY;10862;22;10859;40;;;10880;22;10882;40;;;10871.0;0.0
4;121600;SNACKPACK_STRAWBERRY;10871;33;10869;58;;;10890;33;10892;58;;;10880.5;0.0
4;121700;SNACKPACK_STRAWBERRY;10872;21;10869;58;;;10890;21;10892;58;;;10881.0;0.0
4;121800;SNACKPACK_STRAWBERRY;10868;40;10866;44;;;10887;40;10889;44;;;10877.5;0.0
4;121900;SNACKPACK_STRAWBERRY;10872;33;10870;58;;;10890;33;10892;58;;;10881.0;0.0
4;122000;SNACKPACK_STRAWBERRY;10869;39;10866;50;;;10887;39;10889;50;;;10878.0;0.0
4;122100;SNACKPACK_STRAWBERRY;10856;38;10854;40;;;10874;38;10876;40;;;10865.0;0.0
4;122200;SNACKPACK_STRAWBERRY;10864;25;10861;52;;;10882;25;10884;52;;;10873.0;0.0
4;122300;SNACKPACK_STRAWBERRY;10864;21;10861;60;;;10882;21;10884;60;;;10873.0;0.0
4;122400;SNACKPACK_STRAWBERRY;10874;34;10872;49;;;10892;34;10894;49;;;10883.0;0.0
4;122500;SNACKPACK_STRAWBERRY;10869;33;10867;60;;;10888;33;10890;60;;;10878.5;0.0
4;122600;SNACKPACK_STRAWBERRY;10868;26;10866;54;;;10887;26;10889;54;;;10877.5;0.0
