day;timestamp;product;bid_price_1;bid_volume_1;bid_price_2;bid_volume_2;bid_price_3;bid_volume_3;ask_price_1;ask_volume_1;ask_price_2;ask_volume_2;ask_price_3;ask_volume_3;mid_price;profit_and_loss
4;0;PEBBLES_XL;12046;12;12045;26;;;12062;12;12064;26;;;12054.0;0.0
4;0;PEBBLES_S;8998;12;8996;26;;;9009;12;9011;26;;;9003.5;0.0
4;0;PEBBLES_XS;6857;12;6856;26;;;6866;12;6867;26;;;6861.5;0.0
4;0;PEBBLES_L;11007;12;11006;26;;;11022;12;11023;26;;;11014.5;0.0
4;0;PEBBLES_M;11059;12;11058;26;;;11073;12;11075;26;;;11066.0;0.0
4;100;PEBBLES_XL;12094;13;12092;25;;;12110;13;12112;25;;;12102.0;0.0
4;100;PEBBLES_XS;6857;13;6856;25;;;6866;13;6867;25;;;6861.5;0.0
4;100;PEBBLES_L;10985;13;10983;25;;;10999;13;11000;25;;;10992.0;0.0
4;100;PEBBLES_M;11037;13;11036;25;;;11051;13;11053;25;;;11044.0;0.0
4;100;PEBBLES_S;8994;13;8993;25;;;9006;13;9007;25;;;9000.0;0.0
4;200;PEBBLES_XS;6872;10;6871;21;;;6882;10;6883;21;;;6877.0;0.0
4;200;PEBBLES_XL;12066;10;12064;21;;;12082;10;12084;21;;;12074.0;0.0
4;200;PEBBLES_M;11060;10;11058;21;;;11074;10;11076;21;;;11067.0;0.0
4;200;PEBBLES_L;10966;10;10964;21;;;10980;10;10981;21;;;10973.0;0.0
4;200;PEBBLES_S;9004;10;9002;21;;;9015;10;9017;21;;;9009.5;0.0
4;300;PEBBLES_XS;6875;14;6874;26;;;6884;14;6885;26;;;6879.5;0.0
4;300;PEBBLES_S;8986;14;8985;26;;;8998;14;8999;26;;;8992.0;0.0
4;300;PEBBLES_XL;12135;14;12133;26;;;12151;14;12153;26;;;12143.0;0.0
4;300;PEBBLES_M;11024;14;11022;26;;;11038;14;11039;26;;;11031.0;0.0
4;300;PEBBLES_L;10948;14;10946;26;;;10962;14;10964;26;;;10955.0;0.0
4;400;PEBBLES_XL;12224;12;12222;28;;;12239;12;12241;28;;;12231.5;0.0
4;400;PEBBLES_XS;6851;12;6850;28;;;6860;12;6861;28;;;6855.5;0.0
4;400;PEBBLES_M;11010;12;11008;28;;;11024;12;11026;28;;;11017.0;0.0
4;400;PEBBLES_L;10924;12;10923;28;;;10938;12;10940;28;;;10931.0;0.0
4;400;PEBBLES_S;8959;12;8958;28;;;8971;12;8972;28;;;8965.0;0.0
4;500;PEBBLES_XL;12198;13;12197;25;;;12214;13;12216;25;;;12206.0;0.0
4;500;PEBBLES_XS;6845;13;6844;25;;;6854;13;6855;25;;;6849.5;0.0
4;500;PEBBLES_M;11043;13;11042;25;;;11058;13;11059;25;;;11050.5;0.0
4;500;PEBBLES_L;10915;13;10913;25;;;10929;13;10931;25;;;10922.0;0.0
4;500;PEBBLES_S;8966;13;8965;25;;;8978;13;8979;25;;;8972.0;0.0
4;600;PEBBLES_M;11059;13;11057;29;;;11073;13;11075;29;;;11066.0;0.0
4;600;PEBBLES_L;10936;13;10935;29;;;10951;13;10952;29;;;10943.5;0.0
4;600;PEBBLES_XL;12137;13;12136;29;;;12153;13;12155;29;;;12145.0;0.0
4;600;PEBBLES_S;8995;13;8993;29;;;9006;13;9008;29;;;9000.5;0.0
4;600;PEBBLES_XS;6840;13;6839;29;;;6849;13;6851;29;;;6844.5;0.0
4;700;PEBBLES_M;11074;11;11073;20;;;11088;11;11090;20;;;11081.0;0.0
4;700;PEBBLES_L;10950;11;10949;20;;;10964;11;10966;20;;;10957.0;0.0
4;700;PEBBLES_S;8958;11;8957;20;;;8970;11;8971;20;;;8964.0;0.0
4;700;PEBBLES_XS;6829;11;6828;20;;;6839;11;6840;20;;;6834.0;0.0
4;700;PEBBLES_XL;12156;11;12154;20;;;12171;11;12173;20;;;12163.5;0.0
4;800;PEBBLES_M;11063;10;11061;22;;;11077;10;11079;22;;;11070.0;0.0
4;800;PEBBLES_L;10958;10;10957;22;;;10973;10;10974;22;;;10965.5;0.0
4;800;PEBBLES_XL;12149;10;12147;22;;;12164;10;12166;22;;;12156.5;0.0
4;800;PEBBLES_S;8964;10;8963;22;;;8976;10;8977;22;;;8970.0;0.0
4;800;PEBBLES_XS;6833;10;6832;22;;;6843;10;6844;22;;;6838.0;0.0
4;900;PEBBLES_XL;12185;10;12183;29;;;12201;10;12203;29;;;12193.0;0.0
4;900;PEBBLES_XS;6830;10;6829;29;;;6839;10;6840;29;;;6834.5;0.0
4;900;PEBBLES_M;11061;10;11059;29;;;11075;10;11076;29;;;11068.0;0.0
4;900;PEBBLES_L;10955;10;10954;29;;;10969;10;10971;29;;;10962.0;0.0
4;900;PEBBLES_S;8937;10;8936;29;;;8949;10;8950;29;;;8943.0;0.0
4;1000;PEBBLES_XS;6840;15;6839;20;;;6849;15;6850;20;;;6844.5;0.0
4;1000;PEBBLES_XL;12146;15;12145;20;;;12162;15;12164;20;;;12154.0;0.0
4;1000;PEBBLES_M;11074;15;11072;20;;;11088;15;11090;20;;;11081.0;0.0
4;1000;PEBBLES_L;10940;15;10938;20;;;10954;15;10956;20;;;10947.0;0.0
4;1000;PEBBLES_S;8967;15;8966;20;;;8979;15;8981;20;;;8973.0;0.0
4;1100;PEBBLES_XS;6832;13;6831;25;;;6841;13;6842;25;;;6836.5;0.0
4;1100;PEBBLES_S;8954;13;8952;25;;;8965;13;8967;25;;;8959.5;0.0
4;1100;PEBBLES_XL;12146;13;12144;25;;;12162;13;12164;25;;;12154.0;0.0
4;1100;PEBBLES_M;11069;13;11067;25;;;11083;13;11085;25;;;11076.0;0.0
4;1100;PEBBLES_L;10967;13;10965;25;;;10981;13;10982;25;;;10974.0;0.0
4;1200;PEBBLES_XL;12171;11;12169;27;;;12186;11;12188;27;;;12178.5;0.0
4;1200;PEBBLES_XS;6808;11;6807;27;;;6817;11;6818;27;;;6812.5;0.0
4;1200;PEBBLES_M;11069;11;11068;27;;;11084;11;11085;27;;;11076.5;0.0
4;1200;PEBBLES_L;10959;11;10958;27;;;10974;11;10975;27;;;10966.5;0.0
4;1200;PEBBLES_S;8960;11;8959;27;;;8972;11;8973;27;;;8966.0;0.0
4;1300;PEBBLES_XL;12229;14;12227;27;;;12244;14;12246;27;;;12236.5;0.0
4;1300;PEBBLES_XS;6792;14;6791;27;;;6801;14;6802;27;;;6796.5;0.0
4;1300;PEBBLES_M;11048;14;11046;27;;;11062;14;11064;27;;;11055.0;0.0
4;1300;PEBBLES_L;10960;14;10958;27;;;10974;14;10976;27;;;10967.0;0.0
4;1300;PEBBLES_S;8939;14;8938;27;;;8951;14;8952;27;;;8945.0;0.0
4;1400;PEBBLES_XS;6790;14;6789;22;;;6799;14;6800;22;;;6794.5;0.0
4;1400;PEBBLES_M;11035;14;11033;22;;;11049;14;11051;22;;;11042.0;0.0
4;1400;PEBBLES_L;10964;14;10963;22;;;10979;14;10980;22;;;10971.5;0.0
4;1400;PEBBLES_S;8914;14;8913;22;;;8926;14;8927;22;;;8920.0;0.0
4;1400;PEBBLES_XL;12265;14;12263;22;;;12281;14;12282;22;;;12273.0;0.0
4;1500;PEBBLES_XS;6791;12;6790;24;;;6800;12;6801;24;;;6795.5;0.0
4;1500;PEBBLES_XL;12229;12;12227;24;;;12245;12;12246;24;;;12237.0;0.0
4;1500;PEBBLES_M;11066;12;11065;24;;;11081;12;11082;24;;;11073.5;0.0
4;1500;PEBBLES_L;10968;12;10967;24;;;10982;12;10984;24;;;10975.0;0.0
4;1500;PEBBLES_S;8913;12;8912;24;;;8925;12;8926;24;;;8919.0;0.0
4;1600;PEBBLES_S;8920;12;8919;22;;;8932;12;8933;22;;;8926.0;0.0
4;1600;PEBBLES_XL;12232;12;12231;22;;;12248;12;12250;22;;;12240.0;0.0
4;1600;PEBBLES_XS;6768;12;6767;22;;;6777;12;6778;22;;;6772.5;0.0
4;1600;PEBBLES_M;11061;12;11059;22;;;11075;12;11077;22;;;11068.0;0.0
4;1600;PEBBLES_L;10986;12;10984;22;;;11000;12;11002;22;;;10993.0;0.0
4;1700;PEBBLES_M;11086;12;11084;23;;;11100;12;11102;23;;;11093.0;0.0
4;1700;PEBBLES_L;10985;12;10983;23;;;10999;12;11001;23;;;10992.0;0.0
4;1700;PEBBLES_S;8887;12;8886;23;;;8899;12;8900;23;;;8893.0;0.0
4;1700;PEBBLES_XL;12264;12;12262;23;;;12280;12;12282;23;;;12272.0;0.0
4;1700;PEBBLES_XS;6745;12;6744;23;;;6754;12;6755;23;;;6749.5;0.0
4;1800;PEBBLES_M;11096;11;11094;29;;;11110;11;11112;29;;;11103.0;0.0
4;1800;PEBBLES_L;10979;11;10977;29;;;10993;11;10995;29;;;10986.0;0.0
4;1800;PEBBLES_S;8894;11;8893;29;;;8906;11;8907;29;;;8900.0;0.0
4;1800;PEBBLES_XS;6734;11;6733;29;;;6743;11;6744;29;;;6738.5;0.0
4;1800;PEBBLES_XL;12265;11;12263;29;;;12280;11;12282;29;;;12272.5;0.0
4;1900;PEBBLES_M;11094;15;11093;26;;;11108;15;11110;26;;;11101.0;0.0
4;1900;PEBBLES_L;10973;15;10972;26;;;10987;15;10989;26;;;10980.0;0.0
4;1900;PEBBLES_XS;6735;15;6734;26;;;6744;15;6745;26;;;6739.5;0.0
4;1900;PEBBLES_S;8883;15;8882;26;;;8895;15;8896;26;;;8889.0;0.0
4;1900;PEBBLES_XL;12282;15;12280;26;;;12298;15;12299;26;;;12290.0;0.0
4;2000;PEBBLES_XL;12257;6;12249;11;12247;28;12265;11;12267;28;;;12261.0;0.0
4;2000;PEBBLES_XS;6749;6;6745;11;6744;28;6754;11;6755;28;;;6751.5;0.0
4;2000;PEBBLES_M;11115;6;11109;11;11107;28;11123;11;11125;28;;;11119.0;0.0
4;2000;PEBBLES_L;10980;6;10973;11;10971;28;10987;11;10989;28;;;10983.5;0.0
4;2000;PEBBLES_S;8897;6;8891;11;8890;28;8903;11;8904;28;;;8900.0;0.0
4;2100;PEBBLES_XL;12247;10;12245;27;;;12262;10;12264;27;;;12254.5;0.0
4;2100;PEBBLES_XS;6754;10;6753;27;;;6763;10;6764;27;;;6758.5;0.0
4;2100;PEBBLES_M;11112;10;11111;27;;;11127;10;11128;27;;;11119.5;0.0
4;2100;PEBBLES_L;10974;10;10972;27;;;10988;10;10990;27;;;10981.0;0.0
4;2100;PEBBLES_S;8880;10;8879;27;;;8892;10;8893;27;;;8886.0;0.0
4;2200;PEBBLES_XS;6760;13;6759;23;;;6769;13;6770;23;;;6764.5;0.0
4;2200;PEBBLES_M;11145;13;11144;23;;;11160;13;11161;23;;;11152.5;0.0
4;2200;PEBBLES_L;10942;13;10940;23;;;10956;13;10958;23;;;10949.0;0.0
4;2200;PEBBLES_XL;12228;13;12226;23;;;12244;13;12246;23;;;12236.0;0.0
4;2200;PEBBLES_S;8892;13;8891;23;;;8904;13;8905;23;;;8898.0;0.0
4;2300;PEBBLES_XS;6768;11;6767;23;;;6778;11;6779;23;;;6773.0;0.0
4;2300;PEBBLES_XL;12225;11;12223;23;;;12240;11;12242;23;;;12232.5;0.0
4;2300;PEBBLES_M;11153;11;11151;23;;;11167;11;11169;23;;;11160.0;0.0
4;2300;PEBBLES_L;10936;11;10935;23;;;10950;11;10952;23;;;10943.0;0.0
4;2300;PEBBLES_S;8886;11;8884;23;;;8897;11;8899;23;;;8891.5;0.0
4;2400;PEBBLES_XL;12189;12;12187;28;;;12205;12;12207;28;;;12197.0;0.0
4;2400;PEBBLES_S;8885;12;8884;28;;;8897;12;8898;28;;;8891.0;0.0
4;2400;PEBBLES_XS;6789;12;6788;28;;;6799;12;6800;28;;;6794.0;0.0
4;2400;PEBBLES_L;10932;12;10930;28;;;10946;12;10947;28;;;10939.0;0.0
4;2400;PEBBLES_M;11172;12;11171;28;;;11187;12;11188;28;;;11179.5;0.0
4;2500;PEBBLES_XL;12233;10;12231;25;;;12248;10;12250;25;;;12240.5;0.0
4;2500;PEBBLES_XS;6778;10;6777;25;;;6788;10;6789;25;;;6783.0;0.0
4;2500;PEBBLES_L;10902;10;10901;25;;;10916;10;10918;25;;;10909.0;0.0
4;2500;PEBBLES_M;11169;10;11167;25;;;11183;10;11185;25;;;11176.0;0.0
4;2500;PEBBLES_S;8885;10;8884;25;;;8897;10;8898;25;;;8891.0;0.0
4;2600;PEBBLES_XS;6760;14;6759;24;;;6770;14;6771;24;;;6765.0;0.0
4;2600;PEBBLES_XL;12248;14;12246;24;;;12263;14;12265;24;;;12255.5;0.0
4;2600;PEBBLES_L;10892;14;10890;24;;;10906;14;10907;24;;;10899.0;0.0
4;2600;PEBBLES_M;11193;14;11192;24;;;11208;14;11209;24;;;11200.5;0.0
4;2600;PEBBLES_S;8875;14;8873;24;;;8886;14;8888;24;;;8880.5;0.0
4;2700;PEBBLES_S;8876;10;8875;26;;;8888;10;8889;26;;;8882.0;0.0
4;2700;PEBBLES_XL;12219;10;12217;26;;;12234;10;12236;26;;;12226.5;0.0
4;2700;PEBBLES_L;10918;10;10917;26;;;10932;10;10934;26;;;10925.0;0.0
4;2700;PEBBLES_M;11203;10;11202;26;;;11218;10;11219;26;;;11210.5;0.0
4;2700;PEBBLES_XS;6751;10;6750;26;;;6760;10;6761;26;;;6755.5;0.0
4;2800;PEBBLES_L;10916;10;10914;21;;;10930;10;10931;21;;;10923.0;0.0
4;2800;PEBBLES_M;11200;10;11198;21;;;11214;10;11216;21;;;11207.0;0.0
4;2800;PEBBLES_S;8894;10;8893;21;;;8906;10;8907;21;;;8900.0;0.0
4;2800;PEBBLES_XL;12217;10;12216;21;;;12233;10;12235;21;;;12225.0;0.0
4;2800;PEBBLES_XS;6740;10;6739;21;;;6750;10;6751;21;;;6745.0;0.0
4;2900;PEBBLES_L;10924;12;10922;27;;;10938;12;10940;27;;;10931.0;0.0
4;2900;PEBBLES_M;11217;12;11215;27;;;11231;12;11233;27;;;11224.0;0.0
4;2900;PEBBLES_S;8917;12;8915;27;;;8928;12;8930;27;;;8922.5;0.0
4;2900;PEBBLES_XL;12161;12;12159;27;;;12176;12;12178;27;;;12168.5;0.0
4;2900;PEBBLES_XS;6749;12;6748;27;;;6758;12;6759;27;;;6753.5;0.0
4;3000;PEBBLES_XS;6768;10;6767;30;;;6777;10;6778;30;;;6772.5;0.0
4;3000;PEBBLES_L;10926;10;10925;30;;;10940;10;10942;30;;;10933.0;0.0
4;3000;PEBBLES_M;11208;10;11206;30;;;11222;10;11224;30;;;11215.0;0.0
4;3000;PEBBLES_XL;12123;10;12121;30;;;12138;10;12140;30;;;12130.5;0.0
4;3000;PEBBLES_S;8942;10;8941;30;;;8954;10;8955;30;;;8948.0;0.0
4;3100;PEBBLES_XS;6751;11;6750;28;;;6760;11;6761;28;;;6755.5;0.0
4;3100;PEBBLES_XL;12083;11;12082;28;;;12099;11;12101;28;;;12091.0;0.0
4;3100;PEBBLES_L;10948;11;10946;28;;;10962;11;10963;28;;;10955.0;0.0
4;3100;PEBBLES_M;11219;11;11218;28;;;11234;11;11235;28;;;11226.5;0.0
4;3100;PEBBLES_S;8966;11;8965;28;;;8978;11;8979;28;;;8972.0;0.0
4;3200;PEBBLES_S;8959;12;8958;21;;;8971;12;8972;21;;;8965.0;0.0
4;3200;PEBBLES_XS;6752;12;6751;21;;;6761;12;6762;21;;;6756.5;0.0
4;3200;PEBBLES_XL;12099;12;12098;21;;;12115;12;12117;21;;;12107.0;0.0
4;3200;PEBBLES_L;10930;12;10928;21;;;10944;12;10946;21;;;10937.0;0.0
4;3200;PEBBLES_M;11227;12;11225;21;;;11241;12;11243;21;;;11234.0;0.0
4;3300;PEBBLES_XS;6744;12;6743;23;;;6753;12;6754;23;;;6748.5;0.0
4;3300;PEBBLES_XL;12123;12;12121;23;;;12139;12;12140;23;;;12131.0;0.0
4;3300;PEBBLES_L;10938;12;10936;23;;;10952;12;10953;23;;;10945.0;0.0
4;3300;PEBBLES_M;11200;12;11198;23;;;11214;12;11216;23;;;11207.0;0.0
4;3300;PEBBLES_S;8963;12;8962;23;;;8975;12;8976;23;;;8969.0;0.0
4;3400;PEBBLES_XS;6725;14;6724;30;;;6735;14;6736;30;;;6730.0;0.0
4;3400;PEBBLES_XL;12116;14;12114;30;;;12132;14;12134;30;;;12124.0;0.0
4;3400;PEBBLES_L;10952;14;10950;30;;;10966;14;10968;30;;;10959.0;0.0
4;3400;PEBBLES_M;11195;14;11193;30;;;11210;14;11211;30;;;11202.5;0.0
4;3400;PEBBLES_S;8979;14;8978;30;;;8991;14;8992;30;;;8985.0;0.0
4;3500;PEBBLES_XS;6710;10;6709;30;;;6719;10;6720;30;;;6714.5;0.0
4;3500;PEBBLES_S;8981;10;8980;30;;;8993;10;8994;30;;;8987.0;0.0
4;3500;PEBBLES_XL;12117;10;12115;30;;;12133;10;12135;30;;;12125.0;0.0
4;3500;PEBBLES_L;10952;10;10950;30;;;10966;10;10968;30;;;10959.0;0.0
4;3500;PEBBLES_M;11207;10;11206;30;;;11222;10;11223;30;;;11214.5;0.0
4;3600;PEBBLES_XS;6692;10;6691;23;;;6701;10;6702;23;;;6696.5;0.0
4;3600;PEBBLES_XL;12153;10;12151;23;;;12169;10;12171;23;;;12161.0;0.0
4;3600;PEBBLES_L;10971;10;10970;23;;;10986;10;10987;23;;;10978.5;0.0
4;3600;PEBBLES_M;11198;10;11196;23;;;11213;10;11214;23;;;11205.5;0.0
4;3600;PEBBLES_S;8953;10;8951;23;;;8965;10;8966;23;;;8959.0;0.0
4;3700;PEBBLES_XS;6700;11;6699;25;;;6709;11;6710;25;;;6704.5;0.0
4;3700;PEBBLES_XL;12149;11;12148;25;;;12165;11;12167;25;;;12157.0;0.0
4;3700;PEBBLES_L;10956;11;10955;25;;;10971;11;10972;25;;;10963.5;0.0
4;3700;PEBBLES_M;11215;11;11213;25;;;11230;11;11231;25;;;11222.5;0.0
4;3700;PEBBLES_S;8947;11;8945;25;;;8958;11;8960;25;;;8952.5;0.0
4;3800;PEBBLES_L;10952;12;10950;20;;;10966;12;10967;20;;;10959.0;0.0
4;3800;PEBBLES_XL;12207;12;12205;20;;;12223;12;12225;20;;;12215.0;0.0
4;3800;PEBBLES_M;11183;12;11181;20;;;11198;12;11199;20;;;11190.5;0.0
4;3800;PEBBLES_S;8930;12;8929;20;;;8942;12;8943;20;;;8936.0;0.0
4;3800;PEBBLES_XS;6695;12;6694;20;;;6704;12;6705;20;;;6699.5;0.0
4;3900;PEBBLES_L;10953;14;10951;23;;;10967;14;10969;23;;;10960.0;0.0
4;3900;PEBBLES_M;11186;14;11184;23;;;11201;14;11202;23;;;11193.5;0.0
4;3900;PEBBLES_S;8910;14;8909;23;;;8922;14;8923;23;;;8916.0;0.0
4;3900;PEBBLES_XS;6695;14;6694;23;;;6704;14;6705;23;;;6699.5;0.0
4;3900;PEBBLES_XL;12223;14;12222;23;;;12239;14;12241;23;;;12231.0;0.0
4;4000;PEBBLES_L;10924;10;10923;20;;;10938;10;10940;20;;;10931.0;0.0
4;4000;PEBBLES_M;11191;10;11189;20;;;11205;10;11207;20;;;11198.0;0.0
4;4000;PEBBLES_XS;6717;10;6716;20;;;6727;10;6728;20;;;6722.0;0.0
4;4000;PEBBLES_S;8916;10;8915;20;;;8928;10;8929;20;;;8922.0;0.0
4;4000;PEBBLES_XL;12218;10;12217;20;;;12234;10;12236;20;;;12226.0;0.0
4;4100;PEBBLES_XS;6719;11;6718;20;;;6728;11;6729;20;;;6723.5;0.0
4;4100;PEBBLES_XL;12157;11;12155;20;;;12173;11;12175;20;;;12165.0;0.0
4;4100;PEBBLES_L;10935;11;10934;20;;;10949;11;10951;20;;;10942.0;0.0
4;4100;PEBBLES_M;11218;11;11216;20;;;11233;11;11234;20;;;11225.5;0.0
4;4100;PEBBLES_S;8938;11;8937;20;;;8950;11;8951;20;;;8944.0;0.0
4;4200;PEBBLES_XS;6754;14;6753;29;;;6763;14;6764;29;;;6758.5;0.0
4;4200;PEBBLES_XL;12129;14;12128;29;;;12145;14;12147;29;;;12137.0;0.0
4;4200;PEBBLES_L;10955;14;10953;29;;;10969;14;10971;29;;;10962.0;0.0
4;4200;PEBBLES_M;11208;14;11207;29;;;11223;14;11224;29;;;11215.5;0.0
4;4200;PEBBLES_S;8921;14;8919;29;;;8932;14;8934;29;;;8926.5;0.0
4;4300;PEBBLES_XS;6758;13;6757;27;;;6767;13;6768;27;;;6762.5;0.0
4;4300;PEBBLES_XL;12199;13;12197;27;;;12215;13;12216;27;;;12207.0;0.0
4;4300;PEBBLES_S;8888;13;8887;27;;;8900;13;8901;27;;;8894.0;0.0
4;4300;PEBBLES_L;10927;13;10925;27;;;10941;13;10943;27;;;10934.0;0.0
4;4300;PEBBLES_M;11195;13;11193;27;;;11209;13;11211;27;;;11202.0;0.0
4;4400;PEBBLES_XS;6759;13;6758;20;;;6768;13;6769;20;;;6763.5;0.0
4;4400;PEBBLES_XL;12170;13;12168;20;;;12185;13;12187;20;;;12177.5;0.0
4;4400;PEBBLES_L;10928;13;10926;20;;;10942;13;10944;20;;;10935.0;0.0
4;4400;PEBBLES_M;11212;13;11210;20;;;11226;13;11228;20;;;11219.0;0.0
4;4400;PEBBLES_S;8899;13;8898;20;;;8911;13;8912;20;;;8905.0;0.0
4;4500;PEBBLES_XS;6741;13;6740;24;;;6750;13;6751;24;;;6745.5;0.0
4;4500;PEBBLES_XL;12161;13;12159;24;;;12177;13;12178;24;;;12169.0;0.0
4;4500;PEBBLES_L;10929;13;10927;24;;;10943;13;10945;24;;;10936.0;0.0
4;4500;PEBBLES_M;11233;13;11232;24;;;11248;13;11250;24;;;11240.5;0.0
4;4500;PEBBLES_S;8903;13;8902;24;;;8915;13;8916;24;;;8909.0;0.0
4;4600;PEBBLES_XS;6739;11;6738;23;;;6748;11;6749;23;;;6743.5;0.0
4;4600;PEBBLES_M;11241;11;11239;23;;;11255;11;11257;23;;;11248.0;0.0
4;4600;PEBBLES_XL;12203;11;12201;23;;;12218;11;12220;23;;;12210.5;0.0
4;4600;PEBBLES_L;10908;11;10907;23;;;10922;11;10924;23;;;10915.0;0.0
4;4600;PEBBLES_S;8878;11;8876;23;;;8889;11;8891;23;;;8883.5;0.0
4;4700;PEBBLES_XS;6725;11;6724;25;;;6734;11;6735;25;;;6729.5;0.0
4;4700;PEBBLES_XL;12260;11;12258;25;;;12275;11;12277;25;;;12267.5;0.0
4;4700;PEBBLES_M;11209;11;11208;25;;;11224;11;11226;25;;;11216.5;0.0
4;4700;PEBBLES_L;10926;11;10924;25;;;10940;11;10942;25;;;10933.0;0.0
4;4700;PEBBLES_S;8847;11;8846;25;;;8859;11;8860;25;;;8853.0;0.0
4;4800;PEBBLES_XS;6741;10;6740;29;;;6750;10;6751;29;;;6745.5;0.0
4;4800;PEBBLES_S;8837;10;8836;29;;;8849;10;8850;29;;;8843.0;0.0
4;4800;PEBBLES_XL;12239;10;12238;29;;;12255;10;12257;29;;;12247.0;0.0
4;4800;PEBBLES_M;11221;10;11219;29;;;11235;10;11237;29;;;11228.0;0.0
4;4800;PEBBLES_L;10929;10;10927;29;;;10943;10;10945;29;;;10936.0;0.0
4;4900;PEBBLES_M;11188;12;11186;27;;;11202;12;11204;27;;;11195.0;0.0
4;4900;PEBBLES_L;10933;12;10931;27;;;10947;12;10948;27;;;10940.0;0.0
4;4900;PEBBLES_S;8816;12;8815;27;;;8828;12;8829;27;;;8822.0;0.0
4;4900;PEBBLES_XS;6748;12;6747;27;;;6757;12;6758;27;;;6752.5;0.0
4;4900;PEBBLES_XL;12282;12;12280;27;;;12298;12;12300;27;;;12290.0;0.0
4;5000;PEBBLES_M;11189;15;11187;20;;;11203;15;11205;20;;;11196.0;0.0
4;5000;PEBBLES_L;10920;15;10918;20;;;10934;15;10936;20;;;10927.0;0.0
4;5000;PEBBLES_S;8797;15;8796;20;;;8809;15;8810;20;;;8803.0;0.0
4;5000;PEBBLES_XS;6736;15;6735;20;;;6745;15;6746;20;;;6740.5;0.0
4;5000;PEBBLES_XL;12326;15;12324;20;;;12341;15;12343;20;;;12333.5;0.0
4;5100;PEBBLES_M;11176;11;11174;20;;;11190;11;11192;20;;;11183.0;0.0
4;5100;PEBBLES_L;10916;11;10914;20;;;10930;11;10931;20;;;10923.0;0.0
4;5100;PEBBLES_XS;6743;11;6742;20;;;6752;11;6753;20;;;6747.5;0.0
4;5100;PEBBLES_XL;12349;11;12347;20;;;12365;11;12367;20;;;12357.0;0.0
4;5100;PEBBLES_S;8784;11;8783;20;;;8796;11;8797;20;;;8790.0;0.0
4;5200;PEBBLES_XS;6742;10;6741;27;;;6751;10;6752;27;;;6746.5;0.0
4;5200;PEBBLES_XL;12343;10;12341;27;;;12359;10;12360;27;;;12351.0;0.0
4;5200;PEBBLES_M;11185;10;11183;27;;;11199;10;11201;27;;;11192.0;0.0
4;5200;PEBBLES_L;10917;10;10915;27;;;10931;10;10932;27;;;10924.0;0.0
4;5200;PEBBLES_S;8781;10;8780;27;;;8793;10;8794;27;;;8787.0;0.0
4;5300;PEBBLES_XS;6773;12;6772;24;;;6783;12;6784;24;;;6778.0;0.0
4;5300;PEBBLES_XL;12321;12;12319;24;;;12337;12;12339;24;;;12329.0;0.0
4;5300;PEBBLES_M;11167;12;11165;24;;;11181;12;11183;24;;;11174.0;0.0
4;5300;PEBBLES_L;10932;12;10931;24;;;10946;12;10948;24;;;10939.0;0.0
4;5300;PEBBLES_S;8774;12;8773;24;;;8786;12;8787;24;;;8780.0;0.0
4;5400;PEBBLES_XS;6755;13;6754;20;;;6765;13;6766;20;;;6760.0;0.0
4;5400;PEBBLES_M;11171;13;11170;20;;;11186;13;11187;20;;;11178.5;0.0
4;5400;PEBBLES_L;10937;13;10935;20;;;10951;13;10952;20;;;10944.0;0.0
4;5400;PEBBLES_XL;12328;13;12326;20;;;12344;13;12346;20;;;12336.0;0.0
4;5400;PEBBLES_S;8776;13;8775;20;;;8788;13;8789;20;;;8782.0;0.0
4;5500;PEBBLES_XS;6756;10;6755;29;;;6766;10;6767;29;;;6761.0;0.0
4;5500;PEBBLES_XL;12316;10;12314;29;;;12332;10;12333;29;;;12324.0;0.0
4;5500;PEBBLES_M;11198;10;11196;29;;;11212;10;11214;29;;;11205.0;0.0
4;5500;PEBBLES_L;10923;10;10922;29;;;10937;10;10939;29;;;10930.0;0.0
4;5500;PEBBLES_S;8775;10;8773;29;;;8786;10;8787;29;;;8780.5;0.0
4;5600;PEBBLES_S;8772;15;8771;27;;;8784;15;8785;27;;;8778.0;0.0
4;5600;PEBBLES_XS;6734;15;6733;27;;;6743;15;6744;27;;;6738.5;0.0
4;5600;PEBBLES_XL;12335;15;12333;27;;;12350;15;12352;27;;;12342.5;0.0
4;5600;PEBBLES_M;11233;15;11231;27;;;11247;15;11249;27;;;11240.0;0.0
4;5600;PEBBLES_L;10894;15;10892;27;;;10908;15;10910;27;;;10901.0;0.0
4;5700;PEBBLES_XS;6705;14;6704;21;;;6714;14;6715;21;;;6709.5;0.0
4;5700;PEBBLES_XL;12378;14;12376;21;;;12394;14;12395;21;;;12386.0;0.0
4;5700;PEBBLES_M;11216;14;11214;21;;;11230;14;11232;21;;;11223.0;0.0
4;5700;PEBBLES_L;10903;14;10902;21;;;10917;14;10919;21;;;10910.0;0.0
4;5700;PEBBLES_S;8766;14;8764;21;;;8777;14;8779;21;;;8771.5;0.0
4;5800;PEBBLES_XS;6698;13;6697;29;;;6702;8;6707;13;6708;29;6700.0;0.0
4;5800;PEBBLES_XL;12423;13;12422;29;;;12431;8;12439;13;12441;29;12427.0;0.0
4;5800;PEBBLES_M;11206;13;11204;29;;;11213;8;11221;13;11222;29;11209.5;0.0
4;5800;PEBBLES_L;10891;13;10889;29;;;10897;8;10905;13;10906;29;10894.0;0.0
4;5800;PEBBLES_S;8750;13;8748;29;;;8755;8;8761;13;8762;29;8752.5;0.0
4;5900;PEBBLES_S;8756;13;8755;23;;;8767;13;8769;23;;;8761.5;0.0
4;5900;PEBBLES_XL;12426;13;12425;23;;;12442;13;12444;23;;;12434.0;0.0
4;5900;PEBBLES_M;11204;13;11203;23;;;11219;13;11221;23;;;11211.5;0.0
4;5900;PEBBLES_L;10872;13;10871;23;;;10886;13;10888;23;;;10879.0;0.0
4;5900;PEBBLES_XS;6709;13;6707;23;;;6718;13;6719;23;;;6713.5;0.0
4;6000;PEBBLES_M;11192;13;11190;20;;;11206;13;11208;20;;;11199.0;0.0
4;6000;PEBBLES_L;10857;13;10856;20;;;10871;13;10873;20;;;10864.0;0.0
4;6000;PEBBLES_S;8774;13;8773;20;;;8786;13;8787;20;;;8780.0;0.0
4;6000;PEBBLES_XS;6688;13;6687;20;;;6697;13;6698;20;;;6692.5;0.0
4;6000;PEBBLES_XL;12456;13;12454;20;;;12472;13;12474;20;;;12464.0;0.0
4;6100;PEBBLES_M;11219;11;11217;29;;;11233;11;11235;29;;;11226.0;0.0
4;6100;PEBBLES_L;10863;11;10861;29;;;10877;11;10879;29;;;10870.0;0.0
4;6100;PEBBLES_S;8750;11;8748;29;;;8761;11;8762;29;;;8755.5;0.0
4;6100;PEBBLES_XS;6669;11;6668;29;;;6678;11;6679;29;;;6673.5;0.0
4;6100;PEBBLES_XL;12467;11;12465;29;;;12483;11;12485;29;;;12475.0;0.0
4;6200;PEBBLES_XS;6687;14;6686;26;;;6696;14;6697;26;;;6691.5;0.0
4;6200;PEBBLES_M;11235;14;11233;26;;;11249;14;11251;26;;;11242.0;0.0
4;6200;PEBBLES_L;10885;14;10883;26;;;10899;14;10900;26;;;10892.0;0.0
4;6200;PEBBLES_XL;12410;14;12408;26;;;12426;14;12428;26;;;12418.0;0.0
4;6200;PEBBLES_S;8751;14;8749;26;;;8762;14;8764;26;;;8756.5;0.0
4;6300;PEBBLES_XS;6703;15;6702;21;;;6712;15;6713;21;;;6707.5;0.0
4;6300;PEBBLES_XL;12396;15;12394;21;;;12412;15;12413;21;;;12404.0;0.0
4;6300;PEBBLES_M;11240;15;11238;21;;;11254;15;11256;21;;;11247.0;0.0
4;6300;PEBBLES_L;10876;15;10874;21;;;10890;15;10892;21;;;10883.0;0.0
4;6300;PEBBLES_S;8753;15;8752;21;;;8765;15;8766;21;;;8759.0;0.0
4;6400;PEBBLES_S;8743;11;8742;22;;;8755;11;8756;22;;;8749.0;0.0
4;6400;PEBBLES_XS;6704;11;6703;22;;;6713;11;6714;22;;;6708.5;0.0
4;6400;PEBBLES_XL;12424;11;12422;22;;;12440;11;12442;22;;;12432.0;0.0
4;6400;PEBBLES_M;11229;11;11227;22;;;11244;11;11245;22;;;11236.5;0.0
4;6400;PEBBLES_L;10867;11;10866;22;;;10881;11;10883;22;;;10874.0;0.0
4;6500;PEBBLES_XS;6730;10;6729;21;;;6739;10;6740;21;;;6734.5;0.0
4;6500;PEBBLES_XL;12431;10;12429;21;;;12447;10;12449;21;;;12439.0;0.0
4;6500;PEBBLES_M;11201;10;11199;21;;;11216;10;11217;21;;;11208.5;0.0
4;6500;PEBBLES_L;10851;10;10849;21;;;10865;10;10866;21;;;10858.0;0.0
4;6500;PEBBLES_S;8755;10;8753;21;;;8766;10;8768;21;;;8760.5;0.0
4;6600;PEBBLES_XS;6735;14;6734;28;;;6744;14;6745;28;;;6739.5;0.0
4;6600;PEBBLES_XL;12396;14;12394;28;;;12412;14;12414;28;;;12404.0;0.0
4;6600;PEBBLES_M;11209;14;11207;28;;;11224;14;11225;28;;;11216.5;0.0
4;6600;PEBBLES_L;10859;14;10858;28;;;10873;14;10875;28;;;10866.0;0.0
4;6600;PEBBLES_S;8768;14;8767;28;;;8780;14;8781;28;;;8774.0;0.0
4;6700;PEBBLES_XS;6724;11;6723;28;;;6733;11;6734;28;;;6728.5;0.0
4;6700;PEBBLES_XL;12369;11;12367;28;;;12385;11;12387;28;;;12377.0;0.0
4;6700;PEBBLES_S;8775;11;8774;28;;;8787;11;8788;28;;;8781.0;0.0
4;6700;PEBBLES_M;11225;11;11223;28;;;11239;11;11241;28;;;11232.0;0.0
4;6700;PEBBLES_L;10874;11;10873;28;;;10889;11;10890;28;;;10881.5;0.0
4;6800;PEBBLES_XS;6745;13;6744;29;;;6754;13;6755;29;;;6749.5;0.0
4;6800;PEBBLES_XL;12356;13;12354;29;;;12371;13;12373;29;;;12363.5;0.0
4;6800;PEBBLES_M;11210;13;11209;29;;;11225;13;11227;29;;;11217.5;0.0
4;6800;PEBBLES_L;10887;13;10886;29;;;10901;13;10903;29;;;10894.0;0.0
4;6800;PEBBLES_S;8769;13;8768;29;;;8781;13;8782;29;;;8775.0;0.0
4;6900;PEBBLES_XS;6784;10;6783;21;;;6794;10;6795;21;;;6789.0;0.0
4;6900;PEBBLES_XL;12283;10;12281;21;;;12299;10;12300;21;;;12291.0;0.0
4;6900;PEBBLES_S;8781;10;8779;21;;;8792;10;8793;21;;;8786.5;0.0
4;6900;PEBBLES_L;10900;10;10898;21;;;10914;10;10916;21;;;10907.0;0.0
4;6900;PEBBLES_M;11220;10;11218;21;;;11234;10;11236;21;;;11227.0;0.0
4;7000;PEBBLES_S;8813;14;8812;25;;;8825;14;8826;25;;;8819.0;0.0
4;7000;PEBBLES_XL;12220;14;12218;25;;;12236;14;12237;25;;;12228.0;0.0
4;7000;PEBBLES_L;10891;14;10889;25;;;10905;14;10906;25;;;10898.0;0.0
4;7000;PEBBLES_M;11247;14;11245;25;;;11261;14;11263;25;;;11254.0;0.0
4;7000;PEBBLES_XS;6797;14;6796;25;;;6806;14;6807;25;;;6801.5;0.0
4;7100;PEBBLES_L;10907;13;10905;25;;;10914;7;10921;13;10923;25;10910.5;0.0
4;7100;PEBBLES_M;11250;13;11248;25;;;11257;7;11265;13;11266;25;11253.5;0.0
4;7100;PEBBLES_S;8815;13;8814;25;;;8820;7;8827;13;8828;25;8817.5;0.0
4;7100;PEBBLES_XS;6808;13;6807;25;;;6812;7;6817;13;6818;25;6810.0;0.0
4;7100;PEBBLES_XL;12187;13;12185;25;;;12194;7;12203;13;12204;25;12190.5;0.0
4;7200;PEBBLES_L;10900;15;10898;24;;;10914;15;10916;24;;;10907.0;0.0
4;7200;PEBBLES_M;11248;15;11247;24;;;11263;15;11264;24;;;11255.5;0.0
4;7200;PEBBLES_XS;6807;15;6806;24;;;6816;15;6817;24;;;6811.5;0.0
4;7200;PEBBLES_S;8808;15;8806;24;;;8819;15;8820;24;;;8813.5;0.0
4;7200;PEBBLES_XL;12205;15;12203;24;;;12221;15;12222;24;;;12213.0;0.0
4;7300;PEBBLES_XS;6785;11;6784;30;;;6794;11;6795;30;;;6789.5;0.0
4;7300;PEBBLES_XL;12238;11;12236;30;;;12254;11;12256;30;;;12246.0;0.0
4;7300;PEBBLES_S;8799;11;8797;30;;;8810;11;8812;30;;;8804.5;0.0
4;7300;PEBBLES_L;10896;11;10894;30;;;10910;11;10911;30;;;10903.0;0.0
4;7300;PEBBLES_M;11250;11;11248;30;;;11265;11;11266;30;;;11257.5;0.0
4;7400;PEBBLES_XS;6765;13;6764;26;;;6774;13;6775;26;;;6769.5;0.0
4;7400;PEBBLES_XL;12247;13;12246;26;;;12263;13;12265;26;;;12255.0;0.0
4;7400;PEBBLES_S;8802;13;8800;26;;;8813;13;8815;26;;;8807.5;0.0
4;7400;PEBBLES_L;10903;13;10901;26;;;10917;13;10918;26;;;10910.0;0.0
4;7400;PEBBLES_M;11251;13;11249;26;;;11266;13;11267;26;;;11258.5;0.0
4;7500;PEBBLES_XS;6748;13;6747;24;;;6757;13;6758;24;;;6752.5;0.0
4;7500;PEBBLES_XL;12295;13;12294;24;;;12311;13;12313;24;;;12303.0;0.0
4;7500;PEBBLES_S;8786;13;8784;24;;;8797;13;8798;24;;;8791.5;0.0
4;7500;PEBBLES_L;10916;13;10914;24;;;10930;13;10932;24;;;10923.0;0.0
4;7500;PEBBLES_M;11223;13;11221;24;;;11237;13;11239;24;;;11230.0;0.0
4;7600;PEBBLES_XS;6757;14;6756;26;;;6767;14;6768;26;;;6762.0;0.0
4;7600;PEBBLES_XL;12304;14;12303;26;;;12320;14;12322;26;;;12312.0;0.0
4;7600;PEBBLES_L;10930;14;10929;26;;;10944;14;10946;26;;;10937.0;0.0
4;7600;PEBBLES_M;11208;14;11206;26;;;11222;14;11224;26;;;11215.0;0.0
4;7600;PEBBLES_S;8768;14;8767;26;;;8779;14;8781;26;;;8773.5;0.0
4;7700;PEBBLES_XS;6730;15;6729;26;;;6739;15;6740;26;;;6734.5;0.0
4;7700;PEBBLES_XL;12295;15;12293;26;;;12311;15;12313;26;;;12303.0;0.0
4;7700;PEBBLES_S;8781;15;8780;26;;;8793;15;8794;26;;;8787.0;0.0
4;7700;PEBBLES_L;10927;15;10925;26;;;10941;15;10943;26;;;10934.0;0.0
4;7700;PEBBLES_M;11234;15;11232;26;;;11249;15;11250;26;;;11241.5;0.0
4;7800;PEBBLES_XS;6724;15;6723;23;;;6733;15;6734;23;;;6728.5;0.0
4;7800;PEBBLES_S;8786;15;8784;23;;;8797;15;8799;23;;;8791.5;0.0
4;7800;PEBBLES_XL;12276;15;12274;23;;;12292;15;12294;23;;;12284.0;0.0
4;7800;PEBBLES_L;10912;15;10911;23;;;10927;15;10928;23;;;10919.5;0.0
4;7800;PEBBLES_M;11269;15;11268;23;;;11284;15;11286;23;;;11276.5;0.0
4;7900;PEBBLES_XS;6706;10;6705;30;;;6715;10;6716;30;;;6710.5;0.0
4;7900;PEBBLES_XL;12311;10;12309;30;;;12327;10;12329;30;;;12319.0;0.0
4;7900;PEBBLES_L;10898;10;10896;30;;;10912;10;10913;30;;;10905.0;0.0
4;7900;PEBBLES_M;11263;10;11261;30;;;11278;10;11279;30;;;11270.5;0.0
4;7900;PEBBLES_S;8789;10;8788;30;;;8801;10;8802;30;;;8795.0;0.0
4;8000;PEBBLES_XS;6690;12;6689;21;;;6699;12;6700;21;;;6694.5;0.0
4;8000;PEBBLES_S;8786;12;8785;21;;;8797;12;8799;21;;;8791.5;0.0
4;8000;PEBBLES_XL;12323;12;12321;21;;;12339;12;12341;21;;;12331.0;0.0
4;8000;PEBBLES_L;10906;12;10905;21;;;10920;12;10922;21;;;10913.0;0.0
4;8000;PEBBLES_M;11262;12;11260;21;;;11276;12;11278;21;;;11269.0;0.0
4;8100;PEBBLES_S;8781;14;8780;20;;;8793;14;8794;20;;;8787.0;0.0
4;8100;PEBBLES_L;10926;14;10924;20;;;10940;14;10941;20;;;10933.0;0.0
4;8100;PEBBLES_M;11295;14;11293;20;;;11309;14;11311;20;;;11302.0;0.0
4;8100;PEBBLES_XS;6697;14;6696;20;;;6706;14;6707;20;;;6701.5;0.0
4;8100;PEBBLES_XL;12269;14;12267;20;;;12285;14;12287;20;;;12277.0;0.0
4;8200;PEBBLES_S;8784;15;8783;23;;;8796;15;8797;23;;;8790.0;0.0
4;8200;PEBBLES_L;10889;15;10887;23;;;10903;15;10905;23;;;10896.0;0.0
4;8200;PEBBLES_M;11291;15;11290;23;;;11306;15;11308;23;;;11298.5;0.0
4;8200;PEBBLES_XS;6696;15;6695;23;;;6705;15;6706;23;;;6700.5;0.0
4;8200;PEBBLES_XL;12307;15;12305;23;;;12322;15;12324;23;;;12314.5;0.0
4;8300;PEBBLES_L;10915;12;10913;22;;;10929;12;10931;22;;;10922.0;0.0
4;8300;PEBBLES_M;11313;12;11311;22;;;11327;12;11329;22;;;11320.0;0.0
4;8300;PEBBLES_XS;6703;12;6702;22;;;6712;12;6713;22;;;6707.5;0.0
4;8300;PEBBLES_XL;12227;12;12225;22;;;12243;12;12245;22;;;12235.0;0.0
4;8300;PEBBLES_S;8810;12;8809;22;;;8822;12;8823;22;;;8816.0;0.0
4;8400;PEBBLES_XS;6696;14;6695;24;;;6705;14;6706;24;;;6700.5;0.0
4;8400;PEBBLES_XL;12256;14;12254;24;;;12271;14;12273;24;;;12263.5;0.0
4;8400;PEBBLES_L;10909;14;10907;24;;;10923;14;10925;24;;;10916.0;0.0
4;8400;PEBBLES_M;11299;14;11297;24;;;11313;14;11315;24;;;11306.0;0.0
4;8400;PEBBLES_S;8809;14;8807;24;;;8820;14;8822;24;;;8814.5;0.0
4;8500;PEBBLES_XS;6677;11;6676;28;;;6686;11;6687;28;;;6681.5;0.0
4;8500;PEBBLES_XL;12300;11;12298;28;;;12316;11;12318;28;;;12308.0;0.0
4;8500;PEBBLES_S;8818;11;8816;28;;;8829;11;8831;28;;;8823.5;0.0
4;8500;PEBBLES_L;10889;11;10888;28;;;10903;11;10905;28;;;10896.0;0.0
4;8500;PEBBLES_M;11283;11;11282;28;;;11298;11;11299;28;;;11290.5;0.0
4;8600;PEBBLES_XS;6683;10;6682;20;;;6692;10;6693;20;;;6687.5;0.0
4;8600;PEBBLES_XL;12284;10;12282;20;;;12299;10;12301;20;;;12291.5;0.0
4;8600;PEBBLES_S;8834;10;8832;20;;;8845;10;8847;20;;;8839.5;0.0
4;8600;PEBBLES_L;10885;10;10884;20;;;10899;10;10901;20;;;10892.0;0.0
4;8600;PEBBLES_M;11282;10;11280;20;;;11296;10;11298;20;;;11289.0;0.0
4;8700;PEBBLES_XS;6673;13;6672;26;;;6677;6;6682;13;6683;26;6675.0;0.0
4;8700;PEBBLES_XL;12249;13;12247;26;;;12256;6;12264;13;12266;26;12252.5;0.0
4;8700;PEBBLES_L;10905;13;10903;26;;;10912;6;10919;13;10921;26;10908.5;0.0
4;8700;PEBBLES_M;11290;13;11289;26;;;11297;6;11305;13;11307;26;11293.5;0.0
4;8700;PEBBLES_S;8851;13;8849;26;;;8856;6;8862;13;8863;26;8853.5;0.0
4;8800;PEBBLES_XS;6696;11;6695;28;;;6705;11;6706;28;;;6700.5;0.0
4;8800;PEBBLES_XL;12179;11;12177;28;;;12194;11;12196;28;;;12186.5;0.0
4;8800;PEBBLES_S;8853;11;8852;28;;;8865;11;8866;28;;;8859.0;0.0
4;8800;PEBBLES_L;10935;11;10933;28;;;10949;11;10951;28;;;10942.0;0.0
4;8800;PEBBLES_M;11305;11;11303;28;;;11319;11;11321;28;;;11312.0;0.0
4;8900;PEBBLES_XS;6691;11;6690;25;;;6700;11;6701;25;;;6695.5;0.0
4;8900;PEBBLES_XL;12163;11;12161;25;;;12178;11;12180;25;;;12170.5;0.0
4;8900;PEBBLES_S;8836;11;8835;25;;;8848;11;8849;25;;;8842.0;0.0
4;8900;PEBBLES_L;10954;11;10952;25;;;10968;11;10970;25;;;10961.0;0.0
4;8900;PEBBLES_M;11324;11;11322;25;;;11338;11;11340;25;;;11331.0;0.0
4;9000;PEBBLES_XS;6675;11;6674;26;;;6684;11;6685;26;;;6679.5;0.0
4;9000;PEBBLES_XL;12222;11;12221;26;;;12238;11;12240;26;;;12230.0;0.0
4;9000;PEBBLES_S;8824;11;8822;26;;;8835;11;8837;26;;;8829.5;0.0
4;9000;PEBBLES_L;10917;11;10915;26;;;10931;11;10933;26;;;10924.0;0.0
4;9000;PEBBLES_M;11330;11;11328;26;;;11344;11;11346;26;;;11337.0;0.0
4;9100;PEBBLES_XL;12267;10;12265;21;;;12282;10;12284;21;;;12274.5;0.0
4;9100;PEBBLES_S;8801;10;8799;21;;;8812;10;8814;21;;;8806.5;0.0
4;9100;PEBBLES_M;11326;10;11324;21;;;11340;10;11342;21;;;11333.0;0.0
4;9100;PEBBLES_L;10937;10;10936;21;;;10951;10;10953;21;;;10944.0;0.0
4;9100;PEBBLES_XS;6637;10;6636;21;;;6646;10;6647;21;;;6641.5;0.0
4;9200;PEBBLES_M;11339;15;11337;28;;;11353;15;11355;28;;;11346.0;0.0
4;9200;PEBBLES_L;10949;15;10947;28;;;10963;15;10964;28;;;10956.0;0.0
4;9200;PEBBLES_S;8814;15;8812;28;;;8825;15;8827;28;;;8819.5;0.0
4;9200;PEBBLES_XS;6652;15;6651;28;;;6661;15;6662;28;;;6656.5;0.0
4;9200;PEBBLES_XL;12214;15;12213;28;;;12230;15;12232;28;;;12222.0;0.0
4;9300;PEBBLES_S;8822;11;8820;22;;;8833;11;8834;22;;;8827.5;0.0
4;9300;PEBBLES_M;11348;11;11346;22;;;11362;11;11364;22;;;11355.0;0.0
4;9300;PEBBLES_L;10964;11;10962;22;;;10978;11;10980;22;;;10971.0;0.0
4;9300;PEBBLES_XS;6636;11;6635;22;;;6645;11;6646;22;;;6640.5;0.0
4;9300;PEBBLES_XL;12198;11;12197;22;;;12214;11;12216;22;;;12206.0;0.0
4;9400;PEBBLES_XS;6615;11;6614;28;;;6624;11;6625;28;;;6619.5;0.0
4;9400;PEBBLES_XL;12213;11;12211;28;;;12229;11;12231;28;;;12221.0;0.0
4;9400;PEBBLES_S;8807;11;8806;28;;;8818;11;8820;28;;;8812.5;0.0
4;9400;PEBBLES_M;11359;11;11358;28;;;11374;11;11376;28;;;11366.5;0.0
4;9400;PEBBLES_L;10973;11;10971;28;;;10987;11;10989;28;;;10980.0;0.0
4;9500;PEBBLES_XS;6614;12;6613;21;;;6623;12;6624;21;;;6618.5;0.0
4;9500;PEBBLES_XL;12200;12;12198;21;;;12216;12;12217;21;;;12208.0;0.0
4;9500;PEBBLES_M;11348;12;11347;21;;;11363;12;11365;21;;;11355.5;0.0
4;9500;PEBBLES_L;11008;12;11007;21;;;11023;12;11024;21;;;11015.5;0.0
4;9500;PEBBLES_S;8797;12;8795;21;;;8808;12;8809;21;;;8802.5;0.0
4;9600;PEBBLES_XS;6621;15;6620;20;;;6630;15;6631;20;;;6625.5;0.0
4;9600;PEBBLES_XL;12182;15;12180;20;;;12198;15;12199;20;;;12190.0;0.0
4;9600;PEBBLES_S;8805;15;8803;20;;;8816;15;8818;20;;;8810.5;0.0
4;9600;PEBBLES_M;11365;15;11364;20;;;11380;15;11382;20;;;11372.5;0.0
4;9600;PEBBLES_L;10994;15;10993;20;;;11008;15;11010;20;;;11001.0;0.0
4;9700;PEBBLES_XS;6647;13;6646;23;;;6656;13;6657;23;;;6651.5;0.0
4;9700;PEBBLES_XL;12155;13;12154;23;;;12171;13;12173;23;;;12163.0;0.0
4;9700;PEBBLES_S;8811;13;8810;23;;;8823;13;8824;23;;;8817.0;0.0
4;9700;PEBBLES_M;11352;13;11351;23;;;11367;13;11369;23;;;11359.5;0.0
4;9700;PEBBLES_L;11001;13;10999;23;;;11015;13;11017;23;;;11008.0;0.0
4;9800;PEBBLES_XS;6619;14;6618;27;;;6628;14;6629;27;;;6623.5;0.0
4;9800;PEBBLES_XL;12200;14;12198;27;;;12215;14;12217;27;;;12207.5;0.0
4;9800;PEBBLES_S;8822;14;8821;27;;;8834;14;8835;27;;;8828.0;0.0
4;9800;PEBBLES_M;11340;14;11338;27;;;11354;14;11356;27;;;11347.0;0.0
4;9800;PEBBLES_L;10986;14;10985;27;;;11001;14;11002;27;;;10993.5;0.0
4;9900;PEBBLES_XS;6631;10;6630;28;;;6640;10;6641;28;;;6635.5;0.0
4;9900;PEBBLES_XL;12150;10;12148;28;;;12166;10;12168;28;;;12158.0;0.0
4;9900;PEBBLES_S;8847;10;8845;28;;;8858;10;8860;28;;;8852.5;0.0
4;9900;PEBBLES_M;11332;10;11330;28;;;11346;10;11348;28;;;11339.0;0.0
4;9900;PEBBLES_L;11008;10;11006;28;;;11022;10;11024;28;;;11015.0;0.0
4;10000;PEBBLES_XS;6631;12;6630;23;;;6640;12;6641;23;;;6635.5;0.0
4;10000;PEBBLES_XL;12168;12;12166;23;;;12183;12;12185;23;;;12175.5;0.0
4;10000;PEBBLES_M;11337;12;11335;23;;;11352;12;11353;23;;;11344.5;0.0
4;10000;PEBBLES_L;11020;12;11018;23;;;11034;12;11036;23;;;11027.0;0.0
4;10000;PEBBLES_S;8812;12;8811;23;;;8824;12;8825;23;;;8818.0;0.0
4;10100;PEBBLES_XS;6622;10;6621;30;;;6631;10;6632;30;;;6626.5;0.0
4;10100;PEBBLES_XL;12169;10;12167;30;;;12185;10;12186;30;;;12177.0;0.0
4;10100;PEBBLES_S;8806;10;8805;30;;;8818;10;8819;30;;;8812.0;0.0
4;10100;PEBBLES_M;11342;10;11340;30;;;11357;10;11358;30;;;11349.5;0.0
4;10100;PEBBLES_L;11028;10;11027;30;;;11043;10;11044;30;;;11035.5;0.0
4;10200;PEBBLES_S;8818;10;8816;28;;;8829;10;8830;28;;;8823.5;0.0
4;10200;PEBBLES_XL;12148;10;12146;28;;;12163;10;12165;28;;;12155.5;0.0
4;10200;PEBBLES_M;11336;10;11334;28;;;11350;10;11352;28;;;11343.0;0.0
4;10200;PEBBLES_L;11032;10;11030;28;;;11046;10;11048;28;;;11039.0;0.0
4;10200;PEBBLES_XS;6635;10;6634;28;;;6644;10;6645;28;;;6639.5;0.0
4;10300;PEBBLES_M;11335;15;11333;30;;;11350;15;11351;30;;;11342.5;0.0
4;10300;PEBBLES_L;11054;15;11052;30;;;11068;15;11070;30;;;11061.0;0.0
4;10300;PEBBLES_S;8822;15;8821;30;;;8834;15;8835;30;;;8828.0;0.0
4;10300;PEBBLES_XS;6613;15;6612;30;;;6622;15;6623;30;;;6617.5;0.0
4;10300;PEBBLES_XL;12143;15;12141;30;;;12159;15;12160;30;;;12151.0;0.0
4;10400;PEBBLES_M;11333;11;11332;27;;;11348;11;11350;27;;;11340.5;0.0
4;10400;PEBBLES_L;11040;11;11038;27;;;11054;11;11056;27;;;11047.0;0.0
4;10400;PEBBLES_XS;6639;11;6638;27;;;6648;11;6649;27;;;6643.5;0.0
4;10400;PEBBLES_S;8813;11;8812;27;;;8825;11;8826;27;;;8819.0;0.0
4;10400;PEBBLES_XL;12142;11;12140;27;;;12158;11;12160;27;;;12150.0;0.0
4;10500;PEBBLES_XS;6619;11;6618;25;;;6627;11;6628;25;;;6623.0;0.0
4;10500;PEBBLES_XL;12144;11;12142;25;;;12160;11;12161;25;;;12152.0;0.0
4;10500;PEBBLES_S;8828;11;8826;25;;;8839;11;8841;25;;;8833.5;0.0
4;10500;PEBBLES_M;11335;11;11333;25;;;11349;11;11351;25;;;11342.0;0.0
4;10500;PEBBLES_L;11043;11;11041;25;;;11057;11;11059;25;;;11050.0;0.0
4;10600;PEBBLES_XS;6620;12;6619;28;;;6629;12;6630;28;;;6624.5;0.0
4;10600;PEBBLES_XL;12128;12;12126;28;;;12144;12;12145;28;;;12136.0;0.0
4;10600;PEBBLES_S;8823;12;8822;28;;;8835;12;8836;28;;;8829.0;0.0
4;10600;PEBBLES_M;11346;12;11344;28;;;11361;12;11362;28;;;11353.5;0.0
4;10600;PEBBLES_L;11050;12;11049;28;;;11064;12;11066;28;;;11057.0;0.0
4;10700;PEBBLES_XS;6634;12;6633;26;;;6643;12;6644;26;;;6638.5;0.0
4;10700;PEBBLES_XL;12149;12;12147;26;;;12165;12;12167;26;;;12157.0;0.0
4;10700;PEBBLES_S;8805;12;8804;26;;;8817;12;8818;26;;;8811.0;0.0
4;10700;PEBBLES_M;11341;12;11340;26;;;11356;12;11358;26;;;11348.5;0.0
4;10700;PEBBLES_L;11038;12;11037;26;;;11052;12;11054;26;;;11045.0;0.0
4;10800;PEBBLES_XS;6635;12;6634;22;;;6644;12;6645;22;;;6639.5;0.0
4;10800;PEBBLES_XL;12145;12;12143;22;;;12160;12;12162;22;;;12152.5;0.0
4;10800;PEBBLES_M;11351;12;11349;22;;;11365;12;11367;22;;;11358.0;0.0
4;10800;PEBBLES_L;11040;12;11039;22;;;11055;12;11056;22;;;11047.5;0.0
4;10800;PEBBLES_S;8797;12;8795;22;;;8808;12;8810;22;;;8802.5;0.0
4;10900;PEBBLES_XS;6635;11;6634;27;;;6644;11;6645;27;;;6639.5;0.0
4;10900;PEBBLES_XL;12179;11;12177;27;;;12195;11;12197;27;;;12187.0;0.0
4;10900;PEBBLES_S;8806;11;8804;27;;;8817;11;8819;27;;;8811.5;0.0
4;10900;PEBBLES_M;11315;11;11314;27;;;11330;11;11332;27;;;11322.5;0.0
4;10900;PEBBLES_L;11032;11;11030;27;;;11046;11;11048;27;;;11039.0;0.0
4;11000;PEBBLES_XS;6636;13;6635;27;;;6645;13;6646;27;;;6640.5;0.0
4;11000;PEBBLES_XL;12152;13;12150;27;;;12168;13;12170;27;;;12160.0;0.0
4;11000;PEBBLES_S;8800;13;8799;27;;;8812;13;8813;27;;;8806.0;0.0
4;11000;PEBBLES_M;11331;13;11329;27;;;11345;13;11347;27;;;11338.0;0.0
4;11000;PEBBLES_L;11049;13;11047;27;;;11063;13;11064;27;;;11056.0;0.0
4;11100;PEBBLES_XS;6623;13;6622;23;;;6632;13;6633;23;;;6627.5;0.0
4;11100;PEBBLES_XL;12140;13;12138;23;;;12156;13;12158;23;;;12148.0;0.0
4;11100;PEBBLES_M;11341;13;11340;23;;;11356;13;11358;23;;;11348.5;0.0
4;11100;PEBBLES_L;11067;13;11065;23;;;11081;13;11083;23;;;11074.0;0.0
4;11100;PEBBLES_S;8796;13;8794;23;;;8807;13;8809;23;;;8801.5;0.0
4;11200;PEBBLES_XS;6613;12;6612;22;;;6622;12;6623;22;;;6617.5;0.0
4;11200;PEBBLES_XL;12191;12;12189;22;;;12207;12;12209;22;;;12199.0;0.0
4;11200;PEBBLES_S;8770;12;8769;22;;;8782;12;8783;22;;;8776.0;0.0
4;11200;PEBBLES_M;11329;12;11327;22;;;11344;12;11345;22;;;11336.5;0.0
4;11200;PEBBLES_L;11064;12;11062;22;;;11078;12;11080;22;;;11071.0;0.0
4;11300;PEBBLES_S;8760;13;8759;22;;;8772;13;8773;22;;;8766.0;0.0
4;11300;PEBBLES_L;11033;13;11031;22;;;11047;13;11049;22;;;11040.0;0.0
4;11300;PEBBLES_M;11306;13;11304;22;;;11320;13;11322;22;;;11313.0;0.0
4;11300;PEBBLES_XS;6606;13;6605;22;;;6615;13;6616;22;;;6610.5;0.0
4;11300;PEBBLES_XL;12263;13;12261;22;;;12279;13;12280;22;;;12271.0;0.0
4;11400;PEBBLES_S;8776;10;8774;26;;;8787;10;8789;26;;;8781.5;0.0
4;11400;PEBBLES_L;11010;10;11009;26;;;11024;10;11026;26;;;11017.0;0.0
4;11400;PEBBLES_M;11289;10;11288;26;;;11304;10;11306;26;;;11296.5;0.0
4;11400;PEBBLES_XS;6623;10;6622;26;;;6632;10;6633;26;;;6627.5;0.0
4;11400;PEBBLES_XL;12269;10;12267;26;;;12285;10;12287;26;;;12277.0;0.0
4;11500;PEBBLES_L;11004;14;11002;30;;;11018;14;11019;30;;;11011.0;0.0
4;11500;PEBBLES_M;11271;14;11269;30;;;11285;14;11287;30;;;11278.0;0.0
4;11500;PEBBLES_XS;6649;14;6648;30;;;6658;14;6659;30;;;6653.5;0.0
4;11500;PEBBLES_XL;12254;14;12252;30;;;12270;14;12272;30;;;12262.0;0.0
4;11500;PEBBLES_S;8790;14;8789;30;;;8802;14;8803;30;;;8796.0;0.0
4;11600;PEBBLES_XS;6661;11;6660;25;;;6670;11;6671;25;;;6665.5;0.0
4;11600;PEBBLES_XL;12227;11;12225;25;;;12242;11;12244;25;;;12234.5;0.0
4;11600;PEBBLES_L;11021;11;11019;25;;;11035;11;11037;25;;;11028.0;0.0
4;11600;PEBBLES_M;11264;11;11262;25;;;11278;11;11280;25;;;11271.0;0.0
4;11600;PEBBLES_S;8795;11;8794;25;;;8807;11;8808;25;;;8801.0;0.0
4;11700;PEBBLES_XS;6673;12;6672;21;;;6682;12;6683;21;;;6677.5;0.0
4;11700;PEBBLES_XL;12245;12;12243;21;;;12260;12;12262;21;;;12252.5;0.0
4;11700;PEBBLES_S;8777;12;8776;21;;;8789;12;8790;21;;;8783.0;0.0
4;11700;PEBBLES_L;11015;12;11014;21;;;11029;12;11031;21;;;11022.0;0.0
4;11700;PEBBLES_M;11257;12;11255;21;;;11272;12;11273;21;;;11264.5;0.0
4;11800;PEBBLES_XS;6696;13;6695;28;;;6705;13;6706;28;;;6700.5;0.0
4;11800;PEBBLES_XL;12250;13;12248;28;;;12266;13;12268;28;;;12258.0;0.0
4;11800;PEBBLES_S;8738;13;8737;28;;;8750;13;8751;28;;;8744.0;0.0
4;11800;PEBBLES_L;11007;13;11005;28;;;11021;13;11023;28;;;11014.0;0.0
4;11800;PEBBLES_M;11276;13;11274;28;;;11291;13;11292;28;;;11283.5;0.0
4;11900;PEBBLES_XS;6705;10;6704;24;;;6714;10;6715;24;;;6709.5;0.0
4;11900;PEBBLES_XL;12250;10;12249;24;;;12266;10;12268;24;;;12258.0;0.0
4;11900;PEBBLES_L;10981;10;10980;24;;;10995;10;10997;24;;;10988.0;0.0
4;11900;PEBBLES_M;11257;10;11255;24;;;11271;10;11273;24;;;11264.0;0.0
4;11900;PEBBLES_S;8774;10;8773;24;;;8785;10;8787;24;;;8779.5;0.0
4;12000;PEBBLES_S;8770;11;8769;21;;;8781;11;8783;21;;;8775.5;0.0
4;12000;PEBBLES_L;10976;11;10974;21;;;10990;11;10992;21;;;10983.0;0.0
4;12000;PEBBLES_XL;12261;11;12259;21;;;12277;11;12279;21;;;12269.0;0.0
4;12000;PEBBLES_M;11266;11;11264;21;;;11280;11;11282;21;;;11273.0;0.0
4;12000;PEBBLES_XS;6694;11;6693;21;;;6703;11;6704;21;;;6698.5;0.0
4;12100;PEBBLES_S;8779;10;8777;22;;;8790;10;8791;22;;;8784.5;0.0
4;12100;PEBBLES_L;10973;10;10971;22;;;10987;10;10988;22;;;10980.0;0.0
4;12100;PEBBLES_M;11289;10;11287;22;;;11303;10;11305;22;;;11296.0;0.0
4;12100;PEBBLES_XL;12208;10;12206;22;;;12224;10;12226;22;;;12216.0;0.0
4;12100;PEBBLES_XS;6719;10;6718;22;;;6728;10;6729;22;;;6723.5;0.0
4;12200;PEBBLES_S;8786;12;8785;30;;;8798;12;8799;30;;;8792.0;0.0
4;12200;PEBBLES_L;10956;12;10954;30;;;10970;12;10971;30;;;10963.0;0.0
4;12200;PEBBLES_M;11287;12;11286;30;;;11302;12;11304;30;;;11294.5;0.0
4;12200;PEBBLES_XL;12197;12;12195;30;;;12212;12;12214;30;;;12204.5;0.0
4;12200;PEBBLES_XS;6741;12;6740;30;;;6751;12;6752;30;;;6746.0;0.0
4;12300;PEBBLES_XS;6747;14;6746;29;;;6756;14;6757;29;;;6751.5;0.0
4;12300;PEBBLES_S;8754;14;8753;29;;;8765;14;8767;29;;;8759.5;0.0
4;12300;PEBBLES_L;10951;14;10949;29;;;10965;14;10967;29;;;10958.0;0.0
4;12300;PEBBLES_M;11290;14;11288;29;;;11304;14;11306;29;;;11297.0;0.0
4;12300;PEBBLES_XL;12226;14;12224;29;;;12242;14;12243;29;;;12234.0;0.0
4;12400;PEBBLES_L;10963;15;10961;20;;;10977;15;10978;20;;;10970.0;0.0
4;12400;PEBBLES_XL;12245;15;12243;20;;;12261;15;12263;20;;;12253.0;0.0
4;12400;PEBBLES_M;11264;15;11262;20;;;11279;15;11280;20;;;11271.5;0.0
4;12400;PEBBLES_XS;6747;15;6746;20;;;6756;15;6757;20;;;6751.5;0.0
4;12400;PEBBLES_S;8749;15;8747;20;;;8760;15;8761;20;;;8754.5;0.0
4;12500;PEBBLES_S;8754;12;8752;24;;;8765;12;8767;24;;;8759.5;0.0
4;12500;PEBBLES_XL;12274;12;12273;24;;;12290;12;12292;24;;;12282.0;0.0
4;12500;PEBBLES_L;10959;12;10958;24;;;10973;12;10975;24;;;10966.0;0.0
4;12500;PEBBLES_XS;6729;12;6728;24;;;6738;12;6739;24;;;6733.5;0.0
4;12500;PEBBLES_M;11251;12;11249;24;;;11266;12;11267;24;;;11258.5;0.0
4;12600;PEBBLES_XL;12296;14;12294;22;;;12311;14;12313;22;;;12303.5;0.0
4;12600;PEBBLES_XS;6722;14;6721;22;;;6731;14;6732;22;;;6726.5;0.0
4;12600;PEBBLES_S;8738;14;8736;22;;;8749;14;8751;22;;;8743.5;0.0
4;12600;PEBBLES_L;10966;14;10964;22;;;10980;14;10982;22;;;10973.0;0.0
4;12600;PEBBLES_M;11246;14;11244;22;;;11261;14;11262;22;;;11253.5;0.0
4;12700;PEBBLES_XL;12291;13;12289;30;;;12306;13;12308;30;;;12298.5;0.0
4;12700;PEBBLES_XS;6749;13;6748;30;;;6758;13;6759;30;;;6753.5;0.0
4;12700;PEBBLES_L;10937;13;10935;30;;;10951;13;10953;30;;;10944.0;0.0
4;12700;PEBBLES_M;11249;13;11248;30;;;11264;13;11266;30;;;11256.5;0.0
4;12700;PEBBLES_S;8742;13;8741;30;;;8753;13;8755;30;;;8747.5;0.0
4;12800;PEBBLES_XL;12316;10;12314;22;;;12331;10;12333;22;;;12323.5;0.0
4;12800;PEBBLES_XS;6747;10;6746;22;;;6756;10;6757;22;;;6751.5;0.0
4;12800;PEBBLES_S;8717;10;8716;22;;;8729;10;8730;22;;;8723.0;0.0
4;12800;PEBBLES_L;10945;10;10943;22;;;10959;10;10961;22;;;10952.0;0.0
4;12800;PEBBLES_M;11243;10;11241;22;;;11257;10;11259;22;;;11250.0;0.0
4;12900;PEBBLES_S;8713;11;8711;25;;;8724;11;8725;25;;;8718.5;0.0
4;12900;PEBBLES_XL;12337;11;12335;25;;;12353;11;12355;25;;;12345.0;0.0
4;12900;PEBBLES_L;10947;11;10945;25;;;10961;11;10963;25;;;10954.0;0.0
4;12900;PEBBLES_XS;6726;11;6725;25;;;6735;11;6736;25;;;6730.5;0.0
4;12900;PEBBLES_M;11245;11;11243;25;;;11259;11;11261;25;;;11252.0;0.0
4;13000;PEBBLES_XL;12337;13;12335;23;;;12352;13;12354;23;;;12344.5;0.0
4;13000;PEBBLES_XS;6736;13;6735;23;;;6745;13;6746;23;;;6740.5;0.0
4;13000;PEBBLES_S;8701;13;8699;23;;;8712;13;8713;23;;;8706.5;0.0
4;13000;PEBBLES_L;10953;13;10952;23;;;10968;13;10969;23;;;10960.5;0.0
4;13000;PEBBLES_M;11241;13;11239;23;;;11256;13;11257;23;;;11248.5;0.0
4;13100;PEBBLES_S;8709;10;8708;20;;;8721;10;8722;20;;;8715.0;0.0
4;13100;PEBBLES_L;10936;10;10934;20;;;10950;10;10952;20;;;10943.0;0.0
4;13100;PEBBLES_M;11267;10;11266;20;;;11282;10;11284;20;;;11274.5;0.0
4;13100;PEBBLES_XL;12342;10;12340;20;;;12358;10;12360;20;;;12350.0;0.0
4;13100;PEBBLES_XS;6713;10;6712;20;;;6722;10;6723;20;;;6717.5;0.0
4;13200;PEBBLES_L;10925;13;10923;25;;;10939;13;10941;25;;;10932.0;0.0
4;13200;PEBBLES_M;11252;13;11250;25;;;11266;13;11268;25;;;11259.0;0.0
4;13200;PEBBLES_S;8704;13;8703;25;;;8716;13;8717;25;;;8710.0;0.0
4;13200;PEBBLES_XL;12366;13;12364;25;;;12382;13;12384;25;;;12374.0;0.0
4;13200;PEBBLES_XS;6721;13;6720;25;;;6730;13;6731;25;;;6725.5;0.0
4;13300;PEBBLES_S;8702;14;8700;27;;;8713;14;8714;27;;;8707.5;0.0
4;13300;PEBBLES_L;10929;14;10927;27;;;10943;14;10944;27;;;10936.0;0.0
4;13300;PEBBLES_M;11257;14;11256;27;;;11272;14;11274;27;;;11264.5;0.0
4;13300;PEBBLES_XL;12364;14;12362;27;;;12380;14;12381;27;;;12372.0;0.0
4;13300;PEBBLES_XS;6716;14;6715;27;;;6725;14;6726;27;;;6720.5;0.0
4;13400;PEBBLES_S;8711;15;8710;25;;;8723;15;8724;25;;;8717.0;0.0
4;13400;PEBBLES_XS;6713;15;6712;25;;;6722;15;6723;25;;;6717.5;0.0
4;13400;PEBBLES_L;10923;15;10921;25;;;10937;15;10939;25;;;10930.0;0.0
4;13400;PEBBLES_M;11249;15;11247;25;;;11263;15;11265;25;;;11256.0;0.0
4;13400;PEBBLES_XL;12372;15;12370;25;;;12387;15;12389;25;;;12379.5;0.0
4;13500;PEBBLES_M;11236;13;11235;26;;;11251;13;11253;26;;;11243.5;0.0
4;13500;PEBBLES_L;10911;13;10909;26;;;10925;13;10926;26;;;10918.0;0.0
4;13500;PEBBLES_XL;12393;13;12391;26;;;12409;13;12411;26;;;12401.0;0.0
4;13500;PEBBLES_XS;6703;13;6702;26;;;6712;13;6713;26;;;6707.5;0.0
4;13500;PEBBLES_S;8725;13;8723;26;;;8736;13;8737;26;;;8730.5;0.0
4;13600;PEBBLES_M;11242;15;11240;20;;;11256;15;11258;20;;;11249.0;0.0
4;13600;PEBBLES_XL;12386;15;12384;20;;;12402;15;12404;20;;;12394.0;0.0
4;13600;PEBBLES_L;10916;15;10915;20;;;10931;15;10932;20;;;10923.5;0.0
4;13600;PEBBLES_XS;6707;15;6706;20;;;6716;15;6717;20;;;6711.5;0.0
4;13600;PEBBLES_S;8716;15;8715;20;;;8728;15;8729;20;;;8722.0;0.0
4;13700;PEBBLES_XL;12374;15;12373;27;;;12390;15;12392;27;;;12382.0;0.0
4;13700;PEBBLES_XS;6732;15;6731;27;;;6741;15;6742;27;;;6736.5;0.0
4;13700;PEBBLES_S;8710;15;8708;27;;;8721;15;8722;27;;;8715.5;0.0
4;13700;PEBBLES_M;11223;15;11222;27;;;11238;15;11240;27;;;11230.5;0.0
4;13700;PEBBLES_L;10929;15;10927;27;;;10943;15;10944;27;;;10936.0;0.0
4;13800;PEBBLES_XL;12321;13;12319;30;;;12337;13;12339;30;;;12329.0;0.0
4;13800;PEBBLES_XS;6766;13;6765;30;;;6775;13;6776;30;;;6770.5;0.0
4;13800;PEBBLES_S;8715;13;8714;30;;;8727;13;8728;30;;;8721.0;0.0
4;13800;PEBBLES_M;11227;13;11225;30;;;11242;13;11243;30;;;11234.5;0.0
4;13800;PEBBLES_L;10938;13;10936;30;;;10952;13;10954;30;;;10945.0;0.0
4;13900;PEBBLES_XL;12268;10;12266;20;;;12284;10;12286;20;;;12276.0;0.0
4;13900;PEBBLES_XS;6770;10;6769;20;;;6779;10;6780;20;;;6774.5;0.0
4;13900;PEBBLES_S;8742;10;8740;20;;;8753;10;8754;20;;;8747.5;0.0
4;13900;PEBBLES_M;11252;10;11251;20;;;11267;10;11268;20;;;11259.5;0.0
4;13900;PEBBLES_L;10936;10;10934;20;;;10950;10;10952;20;;;10943.0;0.0
4;14000;PEBBLES_M;11241;11;11239;29;;;11255;11;11257;29;;;11248.0;0.0
4;14000;PEBBLES_XL;12280;11;12278;29;;;12295;11;12297;29;;;12287.5;0.0
4;14000;PEBBLES_L;10934;11;10932;29;;;10948;11;10949;29;;;10941.0;0.0
4;14000;PEBBLES_XS;6771;11;6770;29;;;6780;11;6781;29;;;6775.5;0.0
4;14000;PEBBLES_S;8743;11;8742;29;;;8754;11;8756;29;;;8748.5;0.0
4;14100;PEBBLES_XL;12236;13;12234;23;;;12252;13;12254;23;;;12244.0;0.0
4;14100;PEBBLES_S;8751;13;8749;23;;;8762;13;8764;23;;;8756.5;0.0
4;14100;PEBBLES_M;11252;13;11250;23;;;11267;13;11268;23;;;11259.5;0.0
4;14100;PEBBLES_XS;6793;13;6792;23;;;6802;13;6803;23;;;6797.5;0.0
4;14100;PEBBLES_L;10935;13;10934;23;;;10949;13;10951;23;;;10942.0;0.0
4;14200;PEBBLES_S;8720;12;8719;25;;;8732;12;8733;25;;;8726.0;0.0
4;14200;PEBBLES_M;11228;12;11226;25;;;11242;12;11244;25;;;11235.0;0.0
4;14200;PEBBLES_L;10955;12;10953;25;;;10969;12;10971;25;;;10962.0;0.0
4;14200;PEBBLES_XL;12276;12;12274;25;;;12292;12;12294;25;;;12284.0;0.0
4;14200;PEBBLES_XS;6789;12;6788;25;;;6798;12;6799;25;;;6793.5;0.0
4;14300;PEBBLES_M;11203;13;11201;24;;;11218;13;11219;24;;;11210.5;0.0
4;14300;PEBBLES_L;10948;13;10947;24;;;10962;13;10964;24;;;10955.0;0.0
4;14300;PEBBLES_S;8697;13;8696;24;;;8709;13;8710;24;;;8703.0;0.0
4;14300;PEBBLES_XL;12335;13;12333;24;;;12351;13;12353;24;;;12343.0;0.0
4;14300;PEBBLES_XS;6784;13;6783;24;;;6793;13;6794;24;;;6788.5;0.0
4;14400;PEBBLES_S;8674;10;8673;28;;;8685;10;8687;28;;;8679.5;0.0
4;14400;PEBBLES_M;11211;10;11209;28;;;11226;10;11227;28;;;11218.5;0.0
4;14400;PEBBLES_L;10945;10;10943;28;;;10959;10;10961;28;;;10952.0;0.0
4;14400;PEBBLES_XL;12382;10;12380;28;;;12398;10;12399;28;;;12390.0;0.0
4;14400;PEBBLES_XS;6756;10;6755;28;;;6765;10;6766;28;;;6760.5;0.0
4;14500;PEBBLES_S;8680;13;8679;24;;;8692;13;8693;24;;;8686.0;0.0
4;14500;PEBBLES_XL;12352;13;12350;24;;;12368;13;12369;24;;;12360.0;0.0
4;14500;PEBBLES_M;11209;13;11207;24;;;11223;13;11225;24;;;11216.0;0.0
4;14500;PEBBLES_XS;6784;13;6783;24;;;6793;13;6794;24;;;6788.5;0.0
4;14500;PEBBLES_L;10943;13;10942;24;;;10957;13;10959;24;;;10950.0;0.0
4;14600;PEBBLES_XL;12351;10;12349;23;;;12366;10;12368;23;;;12358.5;0.0
4;14600;PEBBLES_XS;6787;10;6786;23;;;6797;10;6798;23;;;6792.0;0.0
4;14600;PEBBLES_S;8677;10;8676;23;;;8689;10;8690;23;;;8683.0;0.0
4;14600;PEBBLES_M;11198;10;11196;23;;;11212;10;11214;23;;;11205.0;0.0
4;14600;PEBBLES_L;10954;10;10953;23;;;10969;10;10970;23;;;10961.5;0.0
4;14700;PEBBLES_M;11214;14;11212;20;;;11228;14;11230;20;;;11221.0;0.0
4;14700;PEBBLES_L;10961;14;10960;20;;;10975;14;10977;20;;;10968.0;0.0
4;14700;PEBBLES_XL;12333;14;12331;20;;;12349;14;12351;20;;;12341.0;0.0
4;14700;PEBBLES_XS;6752;14;6751;20;;;6761;14;6762;20;;;6756.5;0.0
4;14700;PEBBLES_S;8708;14;8706;20;;;8719;14;8720;20;;;8713.5;0.0
4;14800;PEBBLES_XL;12311;15;12309;26;;;12327;15;12329;26;;;12319.0;0.0
4;14800;PEBBLES_XS;6754;15;6753;26;;;6763;15;6764;26;;;6758.5;0.0
4;14800;PEBBLES_M;11215;15;11213;26;;;11229;15;11231;26;;;11222.0;0.0
4;14800;PEBBLES_L;10970;15;10968;26;;;10984;15;10986;26;;;10977.0;0.0
4;14800;PEBBLES_S;8718;15;8717;26;;;8730;15;8731;26;;;8724.0;0.0
4;14900;PEBBLES_XL;12340;12;12339;30;;;12356;12;12358;30;;;12348.0;0.0
4;14900;PEBBLES_XS;6724;12;6723;30;;;6733;12;6734;30;;;6728.5;0.0
4;14900;PEBBLES_S;8692;12;8691;30;;;8704;12;8705;30;;;8698.0;0.0
4;14900;PEBBLES_M;11217;12;11216;30;;;11232;12;11233;30;;;11224.5;0.0
4;14900;PEBBLES_L;10993;12;10992;30;;;11008;12;11009;30;;;11000.5;0.0
4;15000;PEBBLES_XL;12344;12;12342;25;;;12351;8;12360;12;12362;25;12347.5;0.0
4;15000;PEBBLES_XS;6710;12;6709;25;;;6714;8;6719;12;6720;25;6712.0;0.0
4;15000;PEBBLES_S;8694;12;8693;25;;;8699;8;8706;12;8707;25;8696.5;0.0
4;15000;PEBBLES_M;11214;12;11212;25;;;11221;8;11228;12;11230;25;11217.5;0.0
4;15000;PEBBLES_L;11006;12;11004;25;;;11012;8;11020;12;11022;25;11009.0;0.0
4;15100;PEBBLES_M;11193;13;11191;23;;;11207;13;11209;23;;;11200.0;0.0
4;15100;PEBBLES_L;11017;13;11015;23;;;11031;13;11033;23;;;11024.0;0.0
4;15100;PEBBLES_XL;12363;13;12362;23;;;12379;13;12381;23;;;12371.0;0.0
4;15100;PEBBLES_XS;6690;13;6689;23;;;6699;13;6700;23;;;6694.5;0.0
4;15100;PEBBLES_S;8705;13;8703;23;;;8716;13;8717;23;;;8710.5;0.0
4;15200;PEBBLES_S;8709;11;8708;20;;;8721;11;8722;20;;;8715.0;0.0
4;15200;PEBBLES_M;11199;11;11197;20;;;11213;11;11215;20;;;11206.0;0.0
4;15200;PEBBLES_L;11021;11;11020;20;;;11036;11;11037;20;;;11028.5;0.0
4;15200;PEBBLES_XL;12330;11;12328;20;;;12345;11;12347;20;;;12337.5;0.0
4;15200;PEBBLES_XS;6709;11;6708;20;;;6718;11;6719;20;;;6713.5;0.0
4;15300;PEBBLES_S;8707;13;8706;30;;;8719;13;8720;30;;;8713.0;0.0
4;15300;PEBBLES_M;11222;13;11221;30;;;11237;13;11239;30;;;11229.5;0.0
4;15300;PEBBLES_L;11018;13;11017;30;;;11033;13;11034;30;;;11025.5;0.0
4;15300;PEBBLES_XL;12301;13;12300;30;;;12317;13;12319;30;;;12309.0;0.0
4;15300;PEBBLES_XS;6718;13;6717;30;;;6727;13;6728;30;;;6722.5;0.0
4;15400;PEBBLES_S;8710;11;8709;24;;;8721;11;8723;24;;;8715.5;0.0
4;15400;PEBBLES_M;11218;11;11217;24;;;11233;11;11234;24;;;11225.5;0.0
4;15400;PEBBLES_L;11004;11;11002;24;;;11018;11;11020;24;;;11011.0;0.0
4;15400;PEBBLES_XL;12311;11;12309;24;;;12327;11;12329;24;;;12319.0;0.0
4;15400;PEBBLES_XS;6724;11;6723;24;;;6733;11;6734;24;;;6728.5;0.0
4;15500;PEBBLES_XS;6721;15;6720;29;;;6730;15;6731;29;;;6725.5;0.0
4;15500;PEBBLES_S;8720;15;8719;29;;;8732;15;8733;29;;;8726.0;0.0
4;15500;PEBBLES_M;11184;15;11183;29;;;11199;15;11201;29;;;11191.5;0.0
4;15500;PEBBLES_L;11017;15;11015;29;;;11031;15;11033;29;;;11024.0;0.0
4;15500;PEBBLES_XL;12325;15;12323;29;;;12341;15;12343;29;;;12333.0;0.0
4;15600;PEBBLES_M;11173;15;11171;23;;;11187;15;11189;23;;;11180.0;0.0
4;15600;PEBBLES_L;11011;15;11009;23;;;11025;15;11027;23;;;11018.0;0.0
4;15600;PEBBLES_XL;12333;15;12331;23;;;12348;15;12350;23;;;12340.5;0.0
4;15600;PEBBLES_XS;6702;15;6701;23;;;6711;15;6712;23;;;6706.5;0.0
4;15600;PEBBLES_S;8749;15;8748;23;;;8760;15;8762;23;;;8754.5;0.0
4;15700;PEBBLES_XL;12348;10;12346;22;;;12364;10;12366;22;;;12356.0;0.0
4;15700;PEBBLES_S;8745;10;8744;22;;;8756;10;8758;22;;;8750.5;0.0
4;15700;PEBBLES_M;11163;10;11161;22;;;11177;10;11179;22;;;11170.0;0.0
4;15700;PEBBLES_L;11012;10;11010;22;;;11026;10;11028;22;;;11019.0;0.0
4;15700;PEBBLES_XS;6700;10;6699;22;;;6709;10;6710;22;;;6704.5;0.0
4;15800;PEBBLES_XL;12352;15;12351;29;;;12368;15;12370;29;;;12360.0;0.0
4;15800;PEBBLES_XS;6723;15;6722;29;;;6732;15;6733;29;;;6727.5;0.0
4;15800;PEBBLES_L;11000;15;10998;29;;;11014;15;11015;29;;;11007.0;0.0
4;15800;PEBBLES_M;11159;15;11157;29;;;11173;15;11175;29;;;11166.0;0.0
4;15800;PEBBLES_S;8734;15;8733;29;;;8745;15;8747;29;;;8739.5;0.0
4;15900;PEBBLES_XL;12330;14;12328;22;;;12346;14;12348;22;;;12338.0;0.0
4;15900;PEBBLES_XS;6717;14;6716;22;;;6726;14;6727;22;;;6721.5;0.0
4;15900;PEBBLES_S;8749;14;8747;22;;;8760;14;8761;22;;;8754.5;0.0
4;15900;PEBBLES_L;11034;14;11032;22;;;11048;14;11050;22;;;11041.0;0.0
4;15900;PEBBLES_M;11138;14;11137;22;;;11153;14;11154;22;;;11145.5;0.0
4;16000;PEBBLES_XL;12327;11;12325;27;;;12342;11;12344;27;;;12334.5;0.0
4;16000;PEBBLES_XS;6714;11;6713;27;;;6723;11;6725;27;;;6718.5;0.0
4;16000;PEBBLES_S;8749;11;8748;27;;;8760;11;8762;27;;;8754.5;0.0
4;16000;PEBBLES_L;11047;11;11046;27;;;11061;11;11063;27;;;11054.0;0.0
4;16000;PEBBLES_M;11130;11;11129;27;;;11145;11;11146;27;;;11137.5;0.0
4;16100;PEBBLES_XL;12361;11;12359;27;;;12377;11;12378;27;;;12369.0;0.0
4;16100;PEBBLES_XS;6714;11;6713;27;;;6723;11;6724;27;;;6718.5;0.0
4;16100;PEBBLES_L;11035;11;11033;27;;;11049;11;11051;27;;;11042.0;0.0
4;16100;PEBBLES_M;11125;11;11124;27;;;11140;11;11141;27;;;11132.5;0.0
4;16100;PEBBLES_S;8733;11;8731;27;;;8744;11;8745;27;;;8738.5;0.0
4;16200;PEBBLES_L;11058;13;11056;24;;;11072;13;11074;24;;;11065.0;0.0
4;16200;PEBBLES_M;11103;13;11101;24;;;11117;13;11119;24;;;11110.0;0.0
4;16200;PEBBLES_S;8749;13;8747;24;;;8760;13;8762;24;;;8754.5;0.0
4;16200;PEBBLES_XL;12348;13;12346;24;;;12364;13;12366;24;;;12356.0;0.0
4;16200;PEBBLES_XS;6710;13;6709;24;;;6719;13;6720;24;;;6714.5;0.0
4;16300;PEBBLES_S;8744;13;8742;21;;;8755;13;8756;21;;;8749.5;0.0
4;16300;PEBBLES_L;11044;13;11042;21;;;11058;13;11060;21;;;11051.0;0.0
4;16300;PEBBLES_M;11097;13;11095;21;;;11111;13;11113;21;;;11104.0;0.0
4;16300;PEBBLES_XL;12388;13;12386;21;;;12404;13;12405;21;;;12396.0;0.0
4;16300;PEBBLES_XS;6695;13;6694;21;;;6704;13;6705;21;;;6699.5;0.0
4;16400;PEBBLES_S;8723;13;8721;21;;;8734;13;8736;21;;;8728.5;0.0
4;16400;PEBBLES_L;11041;13;11040;21;;;11056;13;11057;21;;;11048.5;0.0
4;16400;PEBBLES_M;11112;13;11111;21;;;11127;13;11128;21;;;11119.5;0.0
4;16400;PEBBLES_XL;12381;13;12379;21;;;12397;13;12399;21;;;12389.0;0.0
4;16400;PEBBLES_XS;6710;13;6709;21;;;6719;13;6720;21;;;6714.5;0.0
4;16500;PEBBLES_L;11035;11;11033;21;;;11049;11;11051;21;;;11042.0;0.0
4;16500;PEBBLES_M;11117;11;11115;21;;;11131;11;11133;21;;;11124.0;0.0
4;16500;PEBBLES_S;8710;11;8709;21;;;8722;11;8723;21;;;8716.0;0.0
4;16500;PEBBLES_XL;12383;11;12381;21;;;12398;11;12400;21;;;12390.5;0.0
4;16500;PEBBLES_XS;6723;11;6722;21;;;6732;11;6733;21;;;6727.5;0.0
4;16600;PEBBLES_XS;6744;12;6743;28;;;6753;12;6754;28;;;6748.5;0.0
4;16600;PEBBLES_L;11019;12;11017;28;;;11033;12;11035;28;;;11026.0;0.0
4;16600;PEBBLES_M;11115;12;11113;28;;;11129;12;11131;28;;;11122.0;0.0
4;16600;PEBBLES_S;8720;12;8719;28;;;8732;12;8733;28;;;8726.0;0.0
4;16600;PEBBLES_XL;12369;12;12367;28;;;12385;12;12387;28;;;12377.0;0.0
4;16700;PEBBLES_S;8717;15;8716;21;;;8728;15;8730;21;;;8722.5;0.0
4;16700;PEBBLES_XL;12370;15;12368;21;;;12386;15;12387;21;;;12378.0;0.0
4;16700;PEBBLES_XS;6713;15;6712;21;;;6722;15;6723;21;;;6717.5;0.0
4;16700;PEBBLES_L;11037;15;11035;21;;;11051;15;11053;21;;;11044.0;0.0
4;16700;PEBBLES_M;11131;15;11129;21;;;11145;15;11147;21;;;11138.0;0.0
4;16800;PEBBLES_L;11047;10;11045;24;;;11061;10;11063;24;;;11054.0;0.0
4;16800;PEBBLES_M;11131;10;11129;24;;;11145;10;11147;24;;;11138.0;0.0
4;16800;PEBBLES_XL;12338;10;12336;24;;;12354;10;12356;24;;;12346.0;0.0
4;16800;PEBBLES_XS;6723;10;6722;24;;;6732;10;6733;24;;;6727.5;0.0
4;16800;PEBBLES_S;8729;10;8728;24;;;8740;10;8742;24;;;8734.5;0.0
4;16900;PEBBLES_XL;12327;13;12326;23;;;12343;13;12345;23;;;12335.0;0.0
4;16900;PEBBLES_XS;6741;13;6740;23;;;6751;13;6752;23;;;6746.0;0.0
4;16900;PEBBLES_L;11055;13;11053;23;;;11069;13;11071;23;;;11062.0;0.0
4;16900;PEBBLES_M;11130;13;11129;23;;;11145;13;11146;23;;;11137.5;0.0
4;16900;PEBBLES_S;8713;13;8712;23;;;8725;13;8726;23;;;8719.0;0.0
4;17000;PEBBLES_XL;12352;13;12350;23;;;12368;13;12369;23;;;12360.0;0.0
4;17000;PEBBLES_XS;6737;13;6736;23;;;6746;13;6747;23;;;6741.5;0.0
4;17000;PEBBLES_L;11038;13;11036;23;;;11052;13;11054;23;;;11045.0;0.0
4;17000;PEBBLES_M;11138;13;11137;23;;;11153;13;11154;23;;;11145.5;0.0
4;17000;PEBBLES_S;8702;13;8701;23;;;8714;13;8715;23;;;8708.0;0.0
4;17100;PEBBLES_XL;12399;10;12397;29;;;12414;10;12416;29;;;12406.5;0.0
4;17100;PEBBLES_XS;6713;10;6712;29;;;6723;10;6724;29;;;6718.0;0.0
4;17100;PEBBLES_S;8674;10;8673;29;;;8686;10;8687;29;;;8680.0;0.0
4;17100;PEBBLES_L;11036;10;11034;29;;;11050;10;11052;29;;;11043.0;0.0
4;17100;PEBBLES_M;11145;10;11144;29;;;11160;10;11162;29;;;11152.5;0.0
4;17200;PEBBLES_S;8666;14;8664;29;;;8677;14;8678;29;;;8671.5;0.0
4;17200;PEBBLES_XL;12396;14;12394;29;;;12412;14;12414;29;;;12404.0;0.0
4;17200;PEBBLES_XS;6721;14;6720;29;;;6730;14;6731;29;;;6725.5;0.0
4;17200;PEBBLES_L;11041;14;11039;29;;;11055;14;11057;29;;;11048.0;0.0
4;17200;PEBBLES_M;11145;14;11143;29;;;11159;14;11161;29;;;11152.0;0.0
4;17300;PEBBLES_L;11048;12;11046;22;;;11062;12;11064;22;;;11055.0;0.0
4;17300;PEBBLES_M;11171;12;11169;22;;;11185;12;11187;22;;;11178.0;0.0
4;17300;PEBBLES_S;8659;12;8658;22;;;8671;12;8672;22;;;8665.0;0.0
4;17300;PEBBLES_XL;12380;12;12378;22;;;12396;12;12398;22;;;12388.0;0.0
4;17300;PEBBLES_XS;6709;12;6708;22;;;6718;12;6719;22;;;6713.5;0.0
4;17400;PEBBLES_L;11031;11;11029;29;;;11045;11;11047;29;;;11038.0;0.0
4;17400;PEBBLES_M;11161;11;11159;29;;;11175;11;11177;29;;;11168.0;0.0
4;17400;PEBBLES_S;8642;11;8641;29;;;8653;11;8655;29;;;8647.5;0.0
4;17400;PEBBLES_XL;12389;11;12387;29;;;12405;11;12407;29;;;12397.0;0.0
4;17400;PEBBLES_XS;6744;11;6743;29;;;6754;11;6755;29;;;6749.0;0.0
4;17500;PEBBLES_S;8643;14;8642;27;;;8654;14;8656;27;;;8648.5;0.0
4;17500;PEBBLES_L;11030;14;11029;27;;;11045;14;11046;27;;;11037.5;0.0
4;17500;PEBBLES_M;11143;14;11141;27;;;11157;14;11159;27;;;11150.0;0.0
4;17500;PEBBLES_XL;12402;14;12400;27;;;12418;14;12420;27;;;12410.0;0.0
4;17500;PEBBLES_XS;6749;14;6748;27;;;6758;14;6759;27;;;6753.5;0.0
4;17600;PEBBLES_S;8621;11;8620;23;;;8633;11;8634;23;;;8627.0;0.0
4;17600;PEBBLES_L;11008;11;11007;23;;;11022;11;11024;23;;;11015.0;0.0
4;17600;PEBBLES_M;11167;11;11165;23;;;11182;11;11183;23;;;11174.5;0.0
4;17600;PEBBLES_XL;12437;11;12435;23;;;12453;11;12455;23;;;12445.0;0.0
4;17600;PEBBLES_XS;6734;11;6733;23;;;6743;11;6744;23;;;6738.5;0.0
4;17700;PEBBLES_XL;12414;14;12412;21;;;12430;14;12431;21;;;12422.0;0.0
4;17700;PEBBLES_XS;6777;14;6776;21;;;6786;14;6787;21;;;6781.5;0.0
4;17700;PEBBLES_L;10995;14;10993;21;;;11009;14;11011;21;;;11002.0;0.0
4;17700;PEBBLES_M;11163;14;11161;21;;;11177;14;11179;21;;;11170.0;0.0
4;17700;PEBBLES_S;8619;14;8618;21;;;8630;14;8631;21;;;8624.5;0.0
4;17800;PEBBLES_L;11005;13;11003;28;;;11019;13;11020;28;;;11012.0;0.0
4;17800;PEBBLES_M;11155;13;11153;28;;;11169;13;11171;28;;;11162.0;0.0
4;17800;PEBBLES_XL;12413;13;12411;28;;;12429;13;12431;28;;;12421.0;0.0
4;17800;PEBBLES_S;8610;13;8608;28;;;8621;13;8622;28;;;8615.5;0.0
4;17800;PEBBLES_XS;6786;13;6785;28;;;6795;13;6796;28;;;6790.5;0.0
4;17900;PEBBLES_L;10997;15;10996;20;;;11011;15;11013;20;;;11004.0;0.0
4;17900;PEBBLES_M;11148;15;11146;20;;;11162;15;11164;20;;;11155.0;0.0
4;17900;PEBBLES_XL;12420;15;12418;20;;;12436;15;12438;20;;;12428.0;0.0
4;17900;PEBBLES_XS;6803;15;6802;20;;;6812;15;6813;20;;;6807.5;0.0
4;17900;PEBBLES_S;8599;15;8597;20;;;8610;15;8611;20;;;8604.5;0.0
4;18000;PEBBLES_XL;12396;10;12394;22;;;12412;10;12414;22;;;12404.0;0.0
4;18000;PEBBLES_XS;6799;10;6798;22;;;6808;10;6809;22;;;6803.5;0.0
4;18000;PEBBLES_S;8632;10;8631;22;;;8643;10;8645;22;;;8637.5;0.0
4;18000;PEBBLES_M;11147;10;11146;22;;;11162;10;11163;22;;;11154.5;0.0
4;18000;PEBBLES_L;10993;10;10992;22;;;11008;10;11009;22;;;11000.5;0.0
4;18100;PEBBLES_XL;12399;13;12397;27;;;12415;13;12417;27;;;12407.0;0.0
4;18100;PEBBLES_XS;6804;13;6803;27;;;6813;13;6814;27;;;6808.5;0.0
4;18100;PEBBLES_M;11139;13;11137;27;;;11153;13;11155;27;;;11146.0;0.0
4;18100;PEBBLES_L;11012;13;11011;27;;;11026;13;11028;27;;;11019.0;0.0
4;18100;PEBBLES_S;8614;13;8612;27;;;8625;13;8626;27;;;8619.5;0.0
4;18200;PEBBLES_XL;12395;10;12393;26;;;12411;10;12413;26;;;12403.0;0.0
4;18200;PEBBLES_XS;6812;10;6811;26;;;6822;10;6823;26;;;6817.0;0.0
4;18200;PEBBLES_M;11156;10;11154;26;;;11171;10;11172;26;;;11163.5;0.0
4;18200;PEBBLES_L;10995;10;10993;26;;;11009;10;11011;26;;;11002.0;0.0
4;18200;PEBBLES_S;8609;10;8608;26;;;8621;10;8622;26;;;8615.0;0.0
4;18300;PEBBLES_S;8597;11;8596;26;;;8609;11;8610;26;;;8603.0;0.0
4;18300;PEBBLES_XL;12425;11;12423;26;;;12441;11;12442;26;;;12433.0;0.0
4;18300;PEBBLES_XS;6815;11;6814;26;;;6825;11;6826;26;;;6820.0;0.0
4;18300;PEBBLES_M;11177;11;11176;26;;;11192;11;11193;26;;;11184.5;0.0
4;18300;PEBBLES_L;10953;11;10951;26;;;10967;11;10969;26;;;10960.0;0.0
4;18400;PEBBLES_S;8567;13;8566;20;;;8578;13;8580;20;;;8572.5;0.0
4;18400;PEBBLES_M;11155;13;11153;20;;;11169;13;11171;20;;;11162.0;0.0
4;18400;PEBBLES_L;10958;13;10956;20;;;10972;13;10974;20;;;10965.0;0.0
4;18400;PEBBLES_XL;12465;13;12463;20;;;12481;13;12483;20;;;12473.0;0.0
4;18400;PEBBLES_XS;6823;13;6822;20;;;6832;13;6833;20;;;6827.5;0.0
4;18500;PEBBLES_M;11134;10;11133;28;;;11149;10;11150;28;;;11141.5;0.0
4;18500;PEBBLES_L;10960;10;10959;28;;;10975;10;10976;28;;;10967.5;0.0
4;18500;PEBBLES_S;8567;10;8565;28;;;8578;10;8579;28;;;8572.5;0.0
4;18500;PEBBLES_XL;12471;10;12469;28;;;12487;10;12489;28;;;12479.0;0.0
4;18500;PEBBLES_XS;6835;10;6834;28;;;6844;10;6845;28;;;6839.5;0.0
4;18600;PEBBLES_M;11161;10;11159;26;;;11175;10;11177;26;;;11168.0;0.0
4;18600;PEBBLES_L;10951;10;10950;26;;;10966;10;10967;26;;;10958.5;0.0
4;18600;PEBBLES_S;8594;10;8593;26;;;8605;10;8607;26;;;8599.5;0.0
4;18600;PEBBLES_XL;12415;10;12413;26;;;12431;10;12433;26;;;12423.0;0.0
4;18600;PEBBLES_XS;6846;10;6845;26;;;6856;10;6857;26;;;6851.0;0.0
4;18700;PEBBLES_XS;6845;14;6844;26;;;6854;14;6855;26;;;6849.5;0.0
4;18700;PEBBLES_S;8585;14;8584;26;;;8596;14;8598;26;;;8590.5;0.0
4;18700;PEBBLES_M;11185;14;11183;26;;;11199;14;11201;26;;;11192.0;0.0
4;18700;PEBBLES_L;10944;14;10942;26;;;10958;14;10960;26;;;10951.0;0.0
4;18700;PEBBLES_XL;12408;14;12407;26;;;12424;14;12426;26;;;12416.0;0.0
4;18800;PEBBLES_S;8596;13;8595;28;;;8608;13;8609;28;;;8602.0;0.0
4;18800;PEBBLES_XL;12449;13;12447;28;;;12465;13;12467;28;;;12457.0;0.0
4;18800;PEBBLES_XS;6835;13;6834;28;;;6844;13;6845;28;;;6839.5;0.0
4;18800;PEBBLES_M;11167;13;11165;28;;;11181;13;11183;28;;;11174.0;0.0
4;18800;PEBBLES_L;10921;13;10919;28;;;10935;13;10936;28;;;10928.0;0.0
4;18900;PEBBLES_M;11164;15;11162;21;;;11179;15;11180;21;;;11171.5;0.0
4;18900;PEBBLES_L;10931;15;10929;21;;;10945;15;10947;21;;;10938.0;0.0
4;18900;PEBBLES_S;8596;15;8595;21;;;8607;15;8609;21;;;8601.5;0.0
4;18900;PEBBLES_XL;12426;15;12425;21;;;12442;15;12444;21;;;12434.0;0.0
4;18900;PEBBLES_XS;6850;15;6849;21;;;6859;15;6860;21;;;6854.5;0.0
4;19000;PEBBLES_XL;12480;15;12478;20;;;12496;15;12497;20;;;12488.0;0.0
4;19000;PEBBLES_XS;6812;15;6811;20;;;6821;15;6822;20;;;6816.5;0.0
4;19000;PEBBLES_M;11150;15;11149;20;;;11165;15;11166;20;;;11157.5;0.0
4;19000;PEBBLES_L;10923;15;10922;20;;;10937;15;10939;20;;;10930.0;0.0
4;19000;PEBBLES_S;8603;15;8601;20;;;8614;15;8615;20;;;8608.5;0.0
4;19100;PEBBLES_XL;12545;15;12543;25;;;12561;15;12563;25;;;12553.0;0.0
4;19100;PEBBLES_XS;6774;15;6773;25;;;6783;15;6784;25;;;6778.5;0.0
4;19100;PEBBLES_S;8586;15;8585;25;;;8597;15;8599;25;;;8591.5;0.0
4;19100;PEBBLES_M;11124;15;11122;25;;;11138;15;11140;25;;;11131.0;0.0
4;19100;PEBBLES_L;10939;15;10937;25;;;10953;15;10955;25;;;10946.0;0.0
4;19200;PEBBLES_XL;12586;14;12584;29;;;12602;14;12604;29;;;12594.0;0.0
4;19200;PEBBLES_XS;6778;14;6777;29;;;6787;14;6788;29;;;6782.5;0.0
4;19200;PEBBLES_S;8581;14;8580;29;;;8593;14;8594;29;;;8587.0;0.0
4;19200;PEBBLES_M;11107;14;11105;29;;;11121;14;11123;29;;;11114.0;0.0
4;19200;PEBBLES_L;10916;14;10914;29;;;10930;14;10931;29;;;10923.0;0.0
4;19300;PEBBLES_XL;12617;10;12615;23;;;12633;10;12635;23;;;12625.0;0.0
4;19300;PEBBLES_XS;6761;10;6760;23;;;6770;10;6771;23;;;6765.5;0.0
4;19300;PEBBLES_M;11112;10;11111;23;;;11127;10;11128;23;;;11119.5;0.0
4;19300;PEBBLES_L;10905;10;10903;23;;;10919;10;10920;23;;;10912.0;0.0
4;19300;PEBBLES_S;8573;10;8572;23;;;8584;10;8585;23;;;8578.5;0.0
4;19400;PEBBLES_M;11134;10;11132;24;;;11148;10;11150;24;;;11141.0;0.0
4;19400;PEBBLES_L;10888;10;10886;24;;;10902;10;10903;24;;;10895.0;0.0
4;19400;PEBBLES_S;8558;10;8557;24;;;8569;10;8571;24;;;8563.5;0.0
4;19400;PEBBLES_XL;12622;10;12620;24;;;12638;10;12640;24;;;12630.0;0.0
4;19400;PEBBLES_XS;6766;10;6765;24;;;6775;10;6776;24;;;6770.5;0.0
4;19500;PEBBLES_S;8550;15;8549;23;;;8562;15;8563;23;;;8556.0;0.0
4;19500;PEBBLES_M;11115;15;11113;23;;;11129;15;11131;23;;;11122.0;0.0
4;19500;PEBBLES_L;10878;15;10876;23;;;10892;15;10894;23;;;10885.0;0.0
4;19500;PEBBLES_XL;12657;15;12655;23;;;12673;15;12675;23;;;12665.0;0.0
4;19500;PEBBLES_XS;6768;15;6767;23;;;6777;15;6778;23;;;6772.5;0.0
4;19600;PEBBLES_S;8541;11;8540;24;;;8553;11;8554;24;;;8547.0;0.0
4;19600;PEBBLES_M;11108;11;11107;24;;;11123;11;11124;24;;;11115.5;0.0
4;19600;PEBBLES_L;10868;11;10867;24;;;10883;11;10884;24;;;10875.5;0.0
4;19600;PEBBLES_XL;12701;11;12699;24;;;12717;11;12719;24;;;12709.0;0.0
4;19600;PEBBLES_XS;6748;11;6747;24;;;6758;11;6759;24;;;6753.0;0.0
4;19700;PEBBLES_M;11098;13;11096;24;;;11112;13;11114;24;;;11105.0;0.0
4;19700;PEBBLES_L;10855;13;10853;24;;;10869;13;10870;24;;;10862.0;0.0
4;19700;PEBBLES_S;8559;13;8558;24;;;8571;13;8572;24;;;8565.0;0.0
4;19700;PEBBLES_XL;12712;13;12710;24;;;12729;13;12730;24;;;12720.5;0.0
4;19700;PEBBLES_XS;6744;13;6742;24;;;6753;13;6754;24;;;6748.5;0.0
4;19800;PEBBLES_XS;6759;15;6758;24;;;6768;15;6769;24;;;6763.5;0.0
4;19800;PEBBLES_M;11100;15;11098;24;;;11114;15;11116;24;;;11107.0;0.0
4;19800;PEBBLES_L;10851;15;10849;24;;;10865;15;10867;24;;;10858.0;0.0
4;19800;PEBBLES_S;8564;15;8563;24;;;8576;15;8577;24;;;8570.0;0.0
4;19800;PEBBLES_XL;12694;15;12692;24;;;12710;15;12712;24;;;12702.0;0.0
4;19900;PEBBLES_S;8577;10;8576;26;;;8589;10;8590;26;;;8583.0;0.0
4;19900;PEBBLES_XL;12694;10;12692;26;;;12711;10;12712;26;;;12702.5;0.0
4;19900;PEBBLES_XS;6774;10;6773;26;;;6783;10;6784;26;;;6778.5;0.0
4;19900;PEBBLES_M;11087;10;11086;26;;;11102;10;11103;26;;;11094.5;0.0
4;19900;PEBBLES_L;10834;10;10833;26;;;10848;10;10850;26;;;10841.0;0.0
4;20000;PEBBLES_M;11104;10;11103;21;;;11119;10;11120;21;;;11111.5;0.0
4;20000;PEBBLES_L;10828;10;10826;21;;;10842;10;10844;21;;;10835.0;0.0
4;20000;PEBBLES_XL;12660;10;12659;21;;;12677;10;12679;21;;;12668.5;0.0
4;20000;PEBBLES_XS;6805;10;6804;21;;;6814;10;6815;21;;;6809.5;0.0
4;20000;PEBBLES_S;8570;10;8568;21;;;8581;10;8582;21;;;8575.5;0.0
4;20100;PEBBLES_XL;12641;14;12639;28;;;12657;14;12659;28;;;12649.0;0.0
4;20100;PEBBLES_XS;6819;14;6818;28;;;6829;14;6830;28;;;6824.0;0.0
4;20100;PEBBLES_M;11100;14;11098;28;;;11114;14;11116;28;;;11107.0;0.0
4;20100;PEBBLES_L;10825;14;10823;28;;;10839;14;10841;28;;;10832.0;0.0
4;20100;PEBBLES_S;8583;14;8582;28;;;8594;14;8595;28;;;8588.5;0.0
4;20200;PEBBLES_XL;12670;14;12668;28;;;12686;14;12688;28;;;12678.0;0.0
4;20200;PEBBLES_XS;6815;14;6814;28;;;6824;14;6825;28;;;6819.5;0.0
4;20200;PEBBLES_L;10795;14;10793;28;;;10809;14;10810;28;;;10802.0;0.0
4;20200;PEBBLES_M;11112;14;11110;28;;;11126;14;11128;28;;;11119.0;0.0
4;20200;PEBBLES_S;8576;14;8575;28;;;8587;14;8588;28;;;8581.5;0.0
4;20300;PEBBLES_XL;12650;11;12648;24;;;12666;11;12668;24;;;12658.0;0.0
4;20300;PEBBLES_XS;6824;11;6823;24;;;6833;11;6834;24;;;6828.5;0.0
4;20300;PEBBLES_S;8577;11;8575;24;;;8588;11;8589;24;;;8582.5;0.0
4;20300;PEBBLES_L;10805;11;10803;24;;;10819;11;10820;24;;;10812.0;0.0
4;20300;PEBBLES_M;11112;11;11111;24;;;11127;11;11128;24;;;11119.5;0.0
4;20400;PEBBLES_XL;12644;14;12642;26;;;12660;14;12662;26;;;12652.0;0.0
4;20400;PEBBLES_S;8591;14;8590;26;;;8602;14;8604;26;;;8596.5;0.0
4;20400;PEBBLES_XS;6825;14;6824;26;;;6835;14;6836;26;;;6830.0;0.0
4;20400;PEBBLES_L;10806;14;10805;26;;;10820;14;10822;26;;;10813.0;0.0
4;20400;PEBBLES_M;11101;14;11099;26;;;11115;14;11117;26;;;11108.0;0.0
4;20500;PEBBLES_L;10836;13;10834;22;;;10850;13;10851;22;;;10843.0;0.0
4;20500;PEBBLES_M;11099;13;11098;22;;;11114;13;11115;22;;;11106.5;0.0
4;20500;PEBBLES_S;8584;13;8583;22;;;8596;13;8597;22;;;8590.0;0.0
4;20500;PEBBLES_XL;12614;13;12612;22;;;12630;13;12632;22;;;12622.0;0.0
4;20500;PEBBLES_XS;6834;13;6833;22;;;6843;13;6844;22;;;6838.5;0.0
4;20600;PEBBLES_L;10840;12;10838;25;;;10854;12;10855;25;;;10847.0;0.0
4;20600;PEBBLES_M;11118;12;11116;25;;;11132;12;11134;25;;;11125.0;0.0
4;20600;PEBBLES_S;8624;12;8622;25;;;8635;12;8636;25;;;8629.5;0.0
4;20600;PEBBLES_XL;12545;12;12543;25;;;12561;12;12563;25;;;12553.0;0.0
4;20600;PEBBLES_XS;6842;12;6841;25;;;6851;12;6852;25;;;6846.5;0.0
4;20700;PEBBLES_S;8601;12;8599;26;;;8612;12;8613;26;;;8606.5;0.0
4;20700;PEBBLES_L;10858;12;10857;26;;;10872;12;10874;26;;;10865.0;0.0
4;20700;PEBBLES_M;11111;12;11109;26;;;11125;12;11127;26;;;11118.0;0.0
4;20700;PEBBLES_XL;12570;12;12568;26;;;12586;12;12588;26;;;12578.0;0.0
4;20700;PEBBLES_XS;6828;12;6827;26;;;6837;12;6838;26;;;6832.5;0.0
4;20800;PEBBLES_S;8595;5;8589;13;8588;24;8601;13;8602;24;;;8598.0;0.0
4;20800;PEBBLES_L;10880;5;10874;13;10872;24;10888;13;10889;24;;;10884.0;0.0
4;20800;PEBBLES_M;11119;5;11113;13;11111;24;11127;13;11129;24;;;11123.0;0.0
4;20800;PEBBLES_XL;12549;5;12542;13;12540;24;12558;13;12560;24;;;12553.5;0.0
4;20800;PEBBLES_XS;6854;5;6850;13;6849;24;6859;13;6860;24;;;6856.5;0.0
4;20900;PEBBLES_XS;6865;11;6864;28;;;6874;11;6875;28;;;6869.5;0.0
4;20900;PEBBLES_XL;12514;11;12512;28;;;12530;11;12532;28;;;12522.0;0.0
4;20900;PEBBLES_L;10871;11;10869;28;;;10885;11;10886;28;;;10878.0;0.0
4;20900;PEBBLES_M;11116;11;11114;28;;;11130;11;11132;28;;;11123.0;0.0
4;20900;PEBBLES_S;8603;11;8601;28;;;8614;11;8615;28;;;8608.5;0.0
4;21000;PEBBLES_L;10857;15;10856;28;;;10871;15;10873;28;;;10864.0;0.0
4;21000;PEBBLES_XL;12530;15;12528;28;;;12546;15;12548;28;;;12538.0;0.0
4;21000;PEBBLES_M;11093;15;11091;28;;;11107;15;11109;28;;;11100.0;0.0
4;21000;PEBBLES_S;8602;15;8601;28;;;8614;15;8615;28;;;8608.0;0.0
4;21000;PEBBLES_XS;6886;15;6885;28;;;6895;15;6896;28;;;6890.5;0.0
4;21100;PEBBLES_L;10857;13;10856;21;;;10871;13;10873;21;;;10864.0;0.0
4;21100;PEBBLES_M;11069;13;11067;21;;;11083;13;11085;21;;;11076.0;0.0
4;21100;PEBBLES_XL;12532;13;12530;21;;;12548;13;12550;21;;;12540.0;0.0
4;21100;PEBBLES_XS;6886;13;6885;21;;;6895;13;6896;21;;;6890.5;0.0
4;21100;PEBBLES_S;8623;13;8622;21;;;8635;13;8636;21;;;8629.0;0.0
4;21200;PEBBLES_XS;6897;10;6896;21;;;6907;10;6908;21;;;6902.0;0.0
4;21200;PEBBLES_XL;12519;10;12517;21;;;12535;10;12537;21;;;12527.0;0.0
4;21200;PEBBLES_S;8634;10;8633;21;;;8645;10;8647;21;;;8639.5;0.0
4;21200;PEBBLES_L;10846;10;10845;21;;;10860;10;10862;21;;;10853.0;0.0
4;21200;PEBBLES_M;11071;10;11070;21;;;11086;10;11087;21;;;11078.5;0.0
4;21300;PEBBLES_XS;6904;11;6903;23;;;6913;11;6914;23;;;6908.5;0.0
4;21300;PEBBLES_XL;12490;11;12488;23;;;12506;11;12508;23;;;12498.0;0.0
4;21300;PEBBLES_L;10875;11;10873;23;;;10889;11;10890;23;;;10882.0;0.0
4;21300;PEBBLES_M;11067;11;11065;23;;;11081;11;11083;23;;;11074.0;0.0
4;21300;PEBBLES_S;8632;11;8631;23;;;8644;11;8645;23;;;8638.0;0.0
4;21400;PEBBLES_XL;12533;13;12531;22;;;12549;13;12551;22;;;12541.0;0.0
4;21400;PEBBLES_XS;6893;13;6892;22;;;6902;13;6903;22;;;6897.5;0.0
4;21400;PEBBLES_L;10841;13;10840;22;;;10855;13;10857;22;;;10848.0;0.0
4;21400;PEBBLES_M;11053;13;11052;22;;;11068;13;11069;22;;;11060.5;0.0
4;21400;PEBBLES_S;8647;13;8646;22;;;8658;13;8660;22;;;8652.5;0.0
4;21500;PEBBLES_S;8683;10;8682;26;;;8694;10;8696;26;;;8688.5;0.0
4;21500;PEBBLES_XL;12514;10;12512;26;;;12530;10;12532;26;;;12522.0;0.0
4;21500;PEBBLES_L;10828;10;10827;26;;;10842;10;10844;26;;;10835.0;0.0
4;21500;PEBBLES_XS;6895;10;6894;26;;;6904;10;6905;26;;;6899.5;0.0
4;21500;PEBBLES_M;11047;10;11045;26;;;11061;10;11063;26;;;11054.0;0.0
4;21600;PEBBLES_S;8659;12;8657;22;;;8670;12;8671;22;;;8664.5;0.0
4;21600;PEBBLES_L;10820;12;10819;22;;;10834;12;10836;22;;;10827.0;0.0
4;21600;PEBBLES_M;11050;12;11048;22;;;11064;12;11066;22;;;11057.0;0.0
4;21600;PEBBLES_XS;6869;12;6868;22;;;6879;12;6880;22;;;6874.0;0.0
4;21600;PEBBLES_XL;12569;12;12567;22;;;12585;12;12587;22;;;12577.0;0.0
4;21700;PEBBLES_L;10815;10;10813;23;;;10829;10;10830;23;;;10822.0;0.0
4;21700;PEBBLES_M;11031;10;11030;23;;;11045;10;11047;23;;;11038.0;0.0
4;21700;PEBBLES_S;8642;10;8641;23;;;8654;10;8655;23;;;8648.0;0.0
4;21700;PEBBLES_XS;6876;10;6875;23;;;6885;10;6886;23;;;6880.5;0.0
4;21700;PEBBLES_XL;12603;10;12601;23;;;12620;10;12621;23;;;12611.5;0.0
4;21800;PEBBLES_L;10805;10;10804;26;;;10819;10;10821;26;;;10812.0;0.0
4;21800;PEBBLES_M;11019;10;11018;26;;;11033;10;11035;26;;;11026.0;0.0
4;21800;PEBBLES_S;8646;10;8644;26;;;8657;10;8658;26;;;8651.5;0.0
4;21800;PEBBLES_XL;12628;10;12626;26;;;12644;10;12646;26;;;12636.0;0.0
4;21800;PEBBLES_XS;6869;10;6868;26;;;6878;10;6879;26;;;6873.5;0.0
4;21900;PEBBLES_XS;6871;12;6870;26;;;6880;12;6881;26;;;6875.5;0.0
4;21900;PEBBLES_S;8645;12;8643;26;;;8656;12;8657;26;;;8650.5;0.0
4;21900;PEBBLES_L;10834;12;10832;26;;;10848;12;10850;26;;;10841.0;0.0
4;21900;PEBBLES_M;11016;12;11014;26;;;11030;12;11032;26;;;11023.0;0.0
4;21900;PEBBLES_XL;12602;12;12600;26;;;12618;12;12620;26;;;12610.0;0.0
4;22000;PEBBLES_S;8622;10;8621;27;;;8633;10;8635;27;;;8627.5;0.0
4;22000;PEBBLES_XS;6905;10;6904;27;;;6914;10;6915;27;;;6909.5;0.0
4;22000;PEBBLES_XL;12583;10;12581;27;;;12599;10;12601;27;;;12591.0;0.0
4;22000;PEBBLES_L;10844;10;10842;27;;;10858;10;10860;27;;;10851.0;0.0
4;22000;PEBBLES_M;11014;10;11012;27;;;11028;10;11030;27;;;11021.0;0.0
4;22100;PEBBLES_L;10838;12;10836;27;;;10852;12;10854;27;;;10845.0;0.0
4;22100;PEBBLES_M;11004;12;11003;27;;;11019;12;11020;27;;;11011.5;0.0
4;22100;PEBBLES_S;8625;12;8623;27;;;8636;12;8637;27;;;8630.5;0.0
4;22100;PEBBLES_XS;6901;12;6900;27;;;6910;12;6911;27;;;6905.5;0.0
4;22100;PEBBLES_XL;12600;12;12598;27;;;12616;12;12618;27;;;12608.0;0.0
4;22200;PEBBLES_XL;12597;14;12595;30;;;12613;14;12615;30;;;12605.0;0.0
4;22200;PEBBLES_XS;6901;14;6900;30;;;6911;14;6912;30;;;6906.0;0.0
4;22200;PEBBLES_L;10838;14;10836;30;;;10852;14;10854;30;;;10845.0;0.0
4;22200;PEBBLES_M;11005;14;11004;30;;;11020;14;11021;30;;;11012.5;0.0
4;22200;PEBBLES_S;8626;14;8624;30;;;8637;14;8638;30;;;8631.5;0.0
4;22300;PEBBLES_XL;12564;10;12562;27;;;12580;10;12582;27;;;12572.0;0.0
4;22300;PEBBLES_XS;6910;10;6909;27;;;6919;10;6920;27;;;6914.5;0.0
4;22300;PEBBLES_S;8640;10;8639;27;;;8652;10;8653;27;;;8646.0;0.0
4;22300;PEBBLES_L;10827;10;10825;27;;;10841;10;10842;27;;;10834.0;0.0
4;22300;PEBBLES_M;11026;10;11025;27;;;11040;10;11042;27;;;11033.0;0.0
4;22400;PEBBLES_XS;6927;15;6926;21;;;6936;15;6937;21;;;6931.5;0.0
4;22400;PEBBLES_XL;12566;15;12564;21;;;12582;15;12584;21;;;12574.0;0.0
4;22400;PEBBLES_S;8606;15;8605;21;;;8618;15;8619;21;;;8612.0;0.0
4;22400;PEBBLES_M;11018;15;11016;21;;;11032;15;11034;21;;;11025.0;0.0
4;22400;PEBBLES_L;10850;15;10849;21;;;10864;15;10866;21;;;10857.0;0.0
4;22500;PEBBLES_XS;6962;14;6961;24;;;6972;14;6973;24;;;6967.0;0.0
4;22500;PEBBLES_XL;12517;14;12515;24;;;12533;14;12535;24;;;12525.0;0.0
4;22500;PEBBLES_M;11029;14;11027;24;;;11043;14;11045;24;;;11036.0;0.0
4;22500;PEBBLES_L;10857;14;10856;24;;;10871;14;10873;24;;;10864.0;0.0
4;22500;PEBBLES_S;8602;14;8601;24;;;8614;14;8615;24;;;8608.0;0.0
4;22600;PEBBLES_M;11048;12;11047;24;;;11063;12;11064;24;;;11055.5;0.0
4;22600;PEBBLES_XL;12521;12;12519;24;;;12537;12;12539;24;;;12529.0;0.0
4;22600;PEBBLES_L;10852;12;10850;24;;;10866;12;10868;24;;;10859.0;0.0
4;22600;PEBBLES_S;8584;12;8583;24;;;8596;12;8597;24;;;8590.0;0.0
4;22600;PEBBLES_XS;6961;12;6960;24;;;6971;12;6972;24;;;6966.0;0.0
4;22700;PEBBLES_S;8570;12;8569;29;;;8581;12;8582;29;;;8575.5;0.0
4;22700;PEBBLES_M;11036;12;11034;29;;;11050;12;11052;29;;;11043.0;0.0
4;22700;PEBBLES_L;10856;12;10855;29;;;10870;12;10872;29;;;10863.0;0.0
4;22700;PEBBLES_XL;12559;12;12557;29;;;12575;12;12577;29;;;12567.0;0.0
4;22700;PEBBLES_XS;6947;12;6946;29;;;6957;12;6958;29;;;6952.0;0.0
4;22800;PEBBLES_S;8562;11;8561;24;;;8573;11;8575;24;;;8567.5;0.0
4;22800;PEBBLES_M;11045;11;11044;24;;;11060;11;11061;24;;;11052.5;0.0
4;22800;PEBBLES_L;10864;11;10862;24;;;10878;11;10880;24;;;10871.0;0.0
4;22800;PEBBLES_XS;6934;11;6933;24;;;6944;11;6945;24;;;6939.0;0.0
4;22800;PEBBLES_XL;12562;11;12560;24;;;12578;11;12579;24;;;12570.0;0.0
4;22900;PEBBLES_M;11033;13;11031;29;;;11047;13;11049;29;;;11040.0;0.0
4;22900;PEBBLES_L;10844;13;10842;29;;;10858;13;10859;29;;;10851.0;0.0
4;22900;PEBBLES_S;8574;13;8573;29;;;8586;13;8587;29;;;8580.0;0.0
4;22900;PEBBLES_XS;6931;13;6930;29;;;6940;13;6941;29;;;6935.5;0.0
4;22900;PEBBLES_XL;12586;13;12584;29;;;12602;13;12604;29;;;12594.0;0.0
4;23000;PEBBLES_XS;6919;14;6918;21;;;6929;14;6930;21;;;6924.0;0.0
4;23000;PEBBLES_M;11033;14;11031;21;;;11047;14;11048;21;;;11040.0;0.0
4;23000;PEBBLES_L;10860;14;10858;21;;;10874;14;10876;21;;;10867.0;0.0
4;23000;PEBBLES_S;8563;14;8561;21;;;8574;14;8575;21;;;8568.5;0.0
4;23000;PEBBLES_XL;12593;14;12591;21;;;12609;14;12611;21;;;12601.0;0.0
4;23100;PEBBLES_S;8565;12;8563;22;;;8576;12;8577;22;;;8570.5;0.0
4;23100;PEBBLES_XL;12599;12;12597;22;;;12615;12;12617;22;;;12607.0;0.0
4;23100;PEBBLES_M;11033;12;11031;22;;;11047;12;11049;22;;;11040.0;0.0
4;23100;PEBBLES_XS;6921;12;6920;22;;;6930;12;6931;22;;;6925.5;0.0
4;23100;PEBBLES_L;10850;12;10849;22;;;10864;12;10866;22;;;10857.0;0.0
4;23200;PEBBLES_M;11029;13;11028;23;;;11044;13;11045;23;;;11036.5;0.0
4;23200;PEBBLES_L;10834;13;10832;23;;;10848;13;10849;23;;;10841.0;0.0
4;23200;PEBBLES_XS;6904;13;6903;23;;;6914;13;6915;23;;;6909.0;0.0
4;23200;PEBBLES_XL;12612;13;12610;23;;;12628;13;12630;23;;;12620.0;0.0
4;23200;PEBBLES_S;8588;13;8587;23;;;8600;13;8601;23;;;8594.0;0.0
4;23300;PEBBLES_XS;6867;14;6866;26;;;6876;14;6877;26;;;6871.5;0.0
4;23300;PEBBLES_XL;12635;14;12633;26;;;12651;14;12653;26;;;12643.0;0.0
4;23300;PEBBLES_M;11028;14;11026;26;;;11042;14;11044;26;;;11035.0;0.0
4;23300;PEBBLES_L;10842;14;10840;26;;;10856;14;10858;26;;;10849.0;0.0
4;23300;PEBBLES_S;8596;14;8594;26;;;8607;14;8608;26;;;8601.5;0.0
4;23400;PEBBLES_XL;12630;15;12628;28;;;12646;15;12648;28;;;12638.0;0.0
4;23400;PEBBLES_XS;6865;15;6864;28;;;6874;15;6875;28;;;6869.5;0.0
4;23400;PEBBLES_M;11034;15;11032;28;;;11048;15;11050;28;;;11041.0;0.0
4;23400;PEBBLES_L;10826;15;10825;28;;;10840;15;10842;28;;;10833.0;0.0
4;23400;PEBBLES_S;8612;15;8611;28;;;8624;15;8625;28;;;8618.0;0.0
4;23500;PEBBLES_XL;12614;11;12612;21;;;12630;11;12632;21;;;12622.0;0.0
4;23500;PEBBLES_XS;6854;11;6853;21;;;6863;11;6864;21;;;6858.5;0.0
4;23500;PEBBLES_S;8610;11;8608;21;;;8621;11;8622;21;;;8615.5;0.0
4;23500;PEBBLES_M;11042;11;11040;21;;;11056;11;11058;21;;;11049.0;0.0
4;23500;PEBBLES_L;10849;11;10847;21;;;10863;11;10864;21;;;10856.0;0.0
4;23600;PEBBLES_XS;6847;14;6846;30;;;6857;14;6858;30;;;6852.0;0.0
4;23600;PEBBLES_S;8575;14;8574;30;;;8586;14;8587;30;;;8580.5;0.0
4;23600;PEBBLES_XL;12653;14;12651;30;;;12669;14;12671;30;;;12661.0;0.0
4;23600;PEBBLES_M;11032;14;11030;30;;;11046;14;11048;30;;;11039.0;0.0
4;23600;PEBBLES_L;10860;14;10859;30;;;10875;14;10876;30;;;10867.5;0.0
4;23700;PEBBLES_M;11036;10;11035;29;;;11050;10;11052;29;;;11043.0;0.0
4;23700;PEBBLES_L;10848;10;10846;29;;;10862;10;10863;29;;;10855.0;0.0
4;23700;PEBBLES_S;8576;10;8575;29;;;8587;10;8589;29;;;8581.5;0.0
4;23700;PEBBLES_XS;6845;10;6844;29;;;6854;10;6855;29;;;6849.5;0.0
4;23700;PEBBLES_XL;12663;10;12661;29;;;12679;10;12681;29;;;12671.0;0.0
4;23800;PEBBLES_M;11023;13;11022;30;;;11037;13;11039;30;;;11030.0;0.0
4;23800;PEBBLES_L;10841;13;10840;30;;;10855;13;10857;30;;;10848.0;0.0
4;23800;PEBBLES_S;8564;13;8563;30;;;8575;13;8577;30;;;8569.5;0.0
4;23800;PEBBLES_XL;12686;13;12684;30;;;12702;13;12704;30;;;12694.0;0.0
4;23800;PEBBLES_XS;6853;13;6852;30;;;6863;13;6864;30;;;6858.0;0.0
4;23900;PEBBLES_S;8564;15;8562;26;;;8575;15;8576;26;;;8569.5;0.0
4;23900;PEBBLES_M;11039;15;11038;26;;;11054;15;11055;26;;;11046.5;0.0
4;23900;PEBBLES_L;10853;15;10851;26;;;10867;15;10868;26;;;10860.0;0.0
4;23900;PEBBLES_XL;12679;15;12677;26;;;12695;15;12697;26;;;12687.0;0.0
4;23900;PEBBLES_XS;6833;15;6832;26;;;6842;15;6843;26;;;6837.5;0.0
4;24000;PEBBLES_S;8563;12;8562;22;;;8574;12;8576;22;;;8568.5;0.0
4;24000;PEBBLES_M;11062;12;11060;22;;;11076;12;11078;22;;;11069.0;0.0
4;24000;PEBBLES_L;10873;12;10871;22;;;10887;12;10888;22;;;10880.0;0.0
4;24000;PEBBLES_XS;6838;12;6837;22;;;6847;12;6848;22;;;6842.5;0.0
4;24000;PEBBLES_XL;12633;12;12631;22;;;12649;12;12651;22;;;12641.0;0.0
4;24100;PEBBLES_XS;6849;14;6848;29;;;6858;14;6859;29;;;6853.5;0.0
4;24100;PEBBLES_XL;12584;14;12582;29;;;12600;14;12602;29;;;12592.0;0.0
4;24100;PEBBLES_M;11082;14;11080;29;;;11096;14;11098;29;;;11089.0;0.0
4;24100;PEBBLES_L;10893;14;10891;29;;;10907;14;10908;29;;;10900.0;0.0
4;24100;PEBBLES_S;8560;14;8558;29;;;8571;14;8572;29;;;8565.5;0.0
4;24200;PEBBLES_M;11102;14;11100;26;;;11116;14;11118;26;;;11109.0;0.0
4;24200;PEBBLES_L;10872;14;10870;26;;;10886;14;10887;26;;;10879.0;0.0
4;24200;PEBBLES_XL;12587;14;12585;26;;;12603;14;12605;26;;;12595.0;0.0
4;24200;PEBBLES_S;8565;14;8564;26;;;8576;14;8578;26;;;8570.5;0.0
4;24200;PEBBLES_XS;6842;14;6841;26;;;6851;14;6852;26;;;6846.5;0.0
4;24300;PEBBLES_M;11105;10;11104;24;;;11120;10;11121;24;;;11112.5;0.0
4;24300;PEBBLES_L;10877;10;10875;24;;;10891;10;10893;24;;;10884.0;0.0
4;24300;PEBBLES_XL;12589;10;12587;24;;;12605;10;12607;24;;;12597.0;0.0
4;24300;PEBBLES_XS;6849;10;6848;24;;;6858;10;6859;24;;;6853.5;0.0
4;24300;PEBBLES_S;8547;10;8546;24;;;8558;10;8560;24;;;8552.5;0.0
4;24400;PEBBLES_XS;6850;15;6849;28;;;6859;15;6860;28;;;6854.5;0.0
4;24400;PEBBLES_XL;12547;15;12545;28;;;12563;15;12565;28;;;12555.0;0.0
4;24400;PEBBLES_S;8569;15;8568;28;;;8580;15;8581;28;;;8574.5;0.0
4;24400;PEBBLES_M;11109;15;11107;28;;;11123;15;11125;28;;;11116.0;0.0
4;24400;PEBBLES_L;10893;15;10891;28;;;10907;15;10908;28;;;10900.0;0.0
4;24500;PEBBLES_XS;6832;13;6831;22;;;6842;13;6843;22;;;6837.0;0.0
4;24500;PEBBLES_XL;12562;13;12560;22;;;12578;13;12580;22;;;12570.0;0.0
4;24500;PEBBLES_M;11104;13;11102;22;;;11118;13;11120;22;;;11111.0;0.0
4;24500;PEBBLES_L;10894;13;10892;22;;;10908;13;10909;22;;;10901.0;0.0
4;24500;PEBBLES_S;8576;13;8574;22;;;8587;13;8588;22;;;8581.5;0.0
4;24600;PEBBLES_XL;12537;12;12535;21;;;12553;12;12555;21;;;12545.0;0.0
4;24600;PEBBLES_XS;6838;12;6837;21;;;6847;12;6848;21;;;6842.5;0.0
4;24600;PEBBLES_S;8562;12;8560;21;;;8573;12;8574;21;;;8567.5;0.0
4;24600;PEBBLES_L;10906;12;10905;21;;;10920;12;10922;21;;;10913.0;0.0
4;24600;PEBBLES_M;11125;12;11124;21;;;11140;12;11141;21;;;11132.5;0.0
4;24700;PEBBLES_XL;12527;14;12525;27;;;12543;14;12545;27;;;12535.0;0.0
4;24700;PEBBLES_S;8557;14;8555;27;;;8568;14;8569;27;;;8562.5;0.0
4;24700;PEBBLES_L;10907;14;10905;27;;;10921;14;10922;27;;;10914.0;0.0
4;24700;PEBBLES_M;11114;14;11113;27;;;11129;14;11130;27;;;11121.5;0.0
4;24700;PEBBLES_XS;6863;14;6862;27;;;6872;14;6873;27;;;6867.5;0.0
4;24800;PEBBLES_S;8556;15;8554;25;;;8567;15;8568;25;;;8561.5;0.0
4;24800;PEBBLES_L;10941;15;10940;25;;;10956;15;10957;25;;;10948.5;0.0
4;24800;PEBBLES_M;11120;15;11118;25;;;11135;15;11136;25;;;11127.5;0.0
4;24800;PEBBLES_XS;6860;15;6859;25;;;6870;15;6871;25;;;6865.0;0.0
4;24800;PEBBLES_XL;12490;15;12488;25;;;12506;15;12508;25;;;12498.0;0.0
4;24900;PEBBLES_S;8551;11;8550;30;;;8556;4;8563;11;8564;30;8553.5;0.0
4;24900;PEBBLES_L;10955;11;10953;30;;;10961;4;10969;11;10970;30;10958.0;0.0
4;24900;PEBBLES_M;11108;11;11106;30;;;11114;4;11122;11;11124;30;11111.0;0.0
4;24900;PEBBLES_XS;6840;11;6839;30;;;6844;4;6849;11;6850;30;6842.0;0.0
4;24900;PEBBLES_XL;12514;11;12512;30;;;12521;4;12530;11;12531;30;12517.5;0.0
4;25000;PEBBLES_S;8531;13;8530;29;;;8542;13;8544;29;;;8536.5;0.0
4;25000;PEBBLES_L;10976;13;10974;29;;;10990;13;10992;29;;;10983.0;0.0
4;25000;PEBBLES_M;11117;13;11115;29;;;11131;13;11133;29;;;11124.0;0.0
4;25000;PEBBLES_XL;12490;13;12488;29;;;12506;13;12508;29;;;12498.0;0.0
4;25000;PEBBLES_XS;6853;13;6852;29;;;6862;13;6863;29;;;6857.5;0.0
4;25100;PEBBLES_XS;6873;12;6872;20;;;6882;12;6883;20;;;6877.5;0.0
4;25100;PEBBLES_S;8524;12;8523;20;;;8535;12;8536;20;;;8529.5;0.0
4;25100;PEBBLES_L;10953;12;10951;20;;;10967;12;10968;20;;;10960.0;0.0
4;25100;PEBBLES_M;11129;12;11128;20;;;11144;12;11145;20;;;11136.5;0.0
4;25100;PEBBLES_XL;12489;12;12487;20;;;12505;12;12507;20;;;12497.0;0.0
4;25200;PEBBLES_XS;6869;13;6868;24;;;6878;13;6879;24;;;6873.5;0.0
4;25200;PEBBLES_S;8531;13;8530;24;;;8542;13;8544;24;;;8536.5;0.0
4;25200;PEBBLES_XL;12500;13;12498;24;;;12516;13;12518;24;;;12508.0;0.0
4;25200;PEBBLES_L;10939;13;10938;24;;;10953;13;10955;24;;;10946.0;0.0
4;25200;PEBBLES_M;11129;13;11127;24;;;11143;13;11145;24;;;11136.0;0.0
4;25300;PEBBLES_S;8545;15;8543;26;;;8556;15;8557;26;;;8550.5;0.0
4;25300;PEBBLES_L;10940;15;10939;26;;;10955;15;10956;26;;;10947.5;0.0
4;25300;PEBBLES_M;11119;15;11117;26;;;11133;15;11135;26;;;11126.0;0.0
4;25300;PEBBLES_XS;6858;15;6857;26;;;6867;15;6868;26;;;6862.5;0.0
4;25300;PEBBLES_XL;12506;15;12504;26;;;12522;15;12524;26;;;12514.0;0.0
4;25400;PEBBLES_XL;12494;11;12492;26;;;12510;11;12512;26;;;12502.0;0.0
4;25400;PEBBLES_XS;6863;11;6862;26;;;6872;11;6873;26;;;6867.5;0.0
4;25400;PEBBLES_S;8544;11;8543;26;;;8555;11;8556;26;;;8549.5;0.0
4;25400;PEBBLES_L;10937;11;10936;26;;;10951;11;10953;26;;;10944.0;0.0
4;25400;PEBBLES_M;11130;11;11128;26;;;11144;11;11146;26;;;11137.0;0.0
4;25500;PEBBLES_XL;12517;11;12515;26;;;12533;11;12535;26;;;12525.0;0.0
4;25500;PEBBLES_XS;6844;11;6843;26;;;6853;11;6854;26;;;6848.5;0.0
4;25500;PEBBLES_S;8536;11;8534;26;;;8547;11;8548;26;;;8541.5;0.0
4;25500;PEBBLES_L;10945;11;10943;26;;;10959;11;10960;26;;;10952.0;0.0
4;25500;PEBBLES_M;11126;11;11124;26;;;11140;11;11142;26;;;11133.0;0.0
4;25600;PEBBLES_XS;6826;13;6825;25;;;6836;13;6837;25;;;6831.0;0.0
4;25600;PEBBLES_XL;12539;13;12537;25;;;12555;13;12557;25;;;12547.0;0.0
4;25600;PEBBLES_S;8544;13;8542;25;;;8555;13;8556;25;;;8549.5;0.0
4;25600;PEBBLES_L;10939;13;10937;25;;;10953;13;10955;25;;;10946.0;0.0
4;25600;PEBBLES_M;11119;13;11118;25;;;11134;13;11135;25;;;11126.5;0.0
4;25700;PEBBLES_XS;6808;10;6807;26;;;6817;10;6818;26;;;6812.5;0.0
4;25700;PEBBLES_XL;12605;10;12603;26;;;12621;10;12623;26;;;12613.0;0.0
4;25700;PEBBLES_S;8541;10;8540;26;;;8553;10;8554;26;;;8547.0;0.0
4;25700;PEBBLES_L;10912;10;10910;26;;;10926;10;10927;26;;;10919.0;0.0
4;25700;PEBBLES_M;11102;10;11100;26;;;11116;10;11118;26;;;11109.0;0.0
4;25800;PEBBLES_S;8514;15;8513;24;;;8525;15;8527;24;;;8519.5;0.0
4;25800;PEBBLES_XL;12606;15;12604;24;;;12622;15;12624;24;;;12614.0;0.0
4;25800;PEBBLES_L;10927;15;10926;24;;;10942;15;10943;24;;;10934.5;0.0
4;25800;PEBBLES_M;11109;15;11107;24;;;11123;15;11125;24;;;11116.0;0.0
4;25800;PEBBLES_XS;6811;15;6810;24;;;6820;15;6821;24;;;6815.5;0.0
4;25900;PEBBLES_S;8501;15;8500;24;;;8513;15;8514;24;;;8507.0;0.0
4;25900;PEBBLES_L;10930;15;10929;24;;;10944;15;10946;24;;;10937.0;0.0
4;25900;PEBBLES_M;11109;15;11108;24;;;11124;15;11125;24;;;11116.5;0.0
4;25900;PEBBLES_XL;12621;15;12619;24;;;12638;15;12639;24;;;12629.5;0.0
4;25900;PEBBLES_XS;6805;15;6804;24;;;6814;15;6815;24;;;6809.5;0.0
4;26000;PEBBLES_S;8512;11;8510;21;;;8523;11;8524;21;;;8517.5;0.0
4;26000;PEBBLES_L;10940;11;10938;21;;;10954;11;10955;21;;;10947.0;0.0
4;26000;PEBBLES_M;11116;11;11114;21;;;11130;11;11132;21;;;11123.0;0.0
4;26000;PEBBLES_XS;6817;11;6816;21;;;6826;11;6827;21;;;6821.5;0.0
4;26000;PEBBLES_XL;12584;11;12582;21;;;12600;11;12602;21;;;12592.0;0.0
4;26100;PEBBLES_S;8530;14;8529;30;;;8541;14;8543;30;;;8535.5;0.0
4;26100;PEBBLES_L;10928;14;10926;30;;;10942;14;10944;30;;;10935.0;0.0
4;26100;PEBBLES_M;11105;14;11103;30;;;11119;14;11121;30;;;11112.0;0.0
4;26100;PEBBLES_XS;6835;14;6834;30;;;6844;14;6845;30;;;6839.5;0.0
4;26100;PEBBLES_XL;12570;14;12568;30;;;12586;14;12588;30;;;12578.0;0.0
4;26200;PEBBLES_XS;6823;14;6821;25;;;6832;14;6833;25;;;6827.5;0.0
4;26200;PEBBLES_S;8522;14;8521;25;;;8533;14;8535;25;;;8527.5;0.0
4;26200;PEBBLES_L;10905;14;10904;25;;;10919;14;10921;25;;;10912.0;0.0
4;26200;PEBBLES_M;11125;14;11123;25;;;11139;14;11141;25;;;11132.0;0.0
4;26200;PEBBLES_XL;12593;14;12591;25;;;12609;14;12611;25;;;12601.0;0.0
4;26300;PEBBLES_XL;12641;11;12639;28;;;12657;11;12659;28;;;12649.0;0.0
4;26300;PEBBLES_S;8508;11;8507;28;;;8520;11;8521;28;;;8514.0;0.0
4;26300;PEBBLES_L;10902;11;10901;28;;;10916;11;10918;28;;;10909.0;0.0
4;26300;PEBBLES_M;11110;11;11108;28;;;11124;11;11126;28;;;11117.0;0.0
4;26300;PEBBLES_XS;6806;11;6805;28;;;6815;11;6816;28;;;6810.5;0.0
4;26400;PEBBLES_L;10904;11;10902;28;;;10918;11;10920;28;;;10911.0;0.0
4;26400;PEBBLES_M;11137;11;11135;28;;;11151;11;11153;28;;;11144.0;0.0
4;26400;PEBBLES_XS;6815;11;6814;28;;;6824;11;6825;28;;;6819.5;0.0
4;26400;PEBBLES_XL;12607;11;12605;28;;;12623;11;12625;28;;;12615.0;0.0
4;26400;PEBBLES_S;8505;11;8504;28;;;8516;11;8517;28;;;8510.5;0.0
4;26500;PEBBLES_XS;6801;13;6800;27;;;6810;13;6811;27;;;6805.5;0.0
4;26500;PEBBLES_XL;12593;13;12591;27;;;12609;13;12611;27;;;12601.0;0.0
4;26500;PEBBLES_S;8512;13;8511;27;;;8524;13;8525;27;;;8518.0;0.0
4;26500;PEBBLES_L;10914;13;10912;27;;;10928;13;10929;27;;;10921.0;0.0
4;26500;PEBBLES_M;11147;13;11146;27;;;11162;13;11163;27;;;11154.5;0.0
4;26600;PEBBLES_XL;12550;15;12549;29;;;12567;15;12568;29;;;12558.5;0.0
4;26600;PEBBLES_XS;6835;15;6834;29;;;6844;15;6845;29;;;6839.5;0.0
4;26600;PEBBLES_S;8508;15;8507;29;;;8520;15;8521;29;;;8514.0;0.0
4;26600;PEBBLES_L;10924;15;10922;29;;;10938;15;10940;29;;;10931.0;0.0
4;26600;PEBBLES_M;11150;15;11148;29;;;11164;15;11166;29;;;11157.0;0.0
4;26700;PEBBLES_XL;12531;13;12529;26;;;12547;13;12548;26;;;12539.0;0.0
4;26700;PEBBLES_XS;6843;13;6842;26;;;6852;13;6853;26;;;6847.5;0.0
4;26700;PEBBLES_S;8514;13;8513;26;;;8525;13;8527;26;;;8519.5;0.0
4;26700;PEBBLES_L;10923;13;10921;26;;;10937;13;10939;26;;;10930.0;0.0
4;26700;PEBBLES_M;11156;13;11155;26;;;11171;13;11172;26;;;11163.5;0.0
4;26800;PEBBLES_XS;6853;10;6852;25;;;6862;10;6863;25;;;6857.5;0.0
4;26800;PEBBLES_XL;12513;10;12511;25;;;12529;10;12531;25;;;12521.0;0.0
4;26800;PEBBLES_S;8518;10;8517;25;;;8529;10;8530;25;;;8523.5;0.0
4;26800;PEBBLES_L;10934;10;10932;25;;;10948;10;10949;25;;;10941.0;0.0
4;26800;PEBBLES_M;11150;10;11148;25;;;11164;10;11166;25;;;11157.0;0.0
4;26900;PEBBLES_S;8538;10;8537;22;;;8550;10;8551;22;;;8544.0;0.0
4;26900;PEBBLES_M;11167;10;11166;22;;;11182;10;11184;22;;;11174.5;0.0
4;26900;PEBBLES_L;10942;10;10940;22;;;10956;10;10957;22;;;10949.0;0.0
4;26900;PEBBLES_XS;6852;10;6851;22;;;6861;10;6862;22;;;6856.5;0.0
4;26900;PEBBLES_XL;12468;10;12467;22;;;12484;10;12486;22;;;12476.0;0.0
4;27000;PEBBLES_S;8546;11;8545;26;;;8558;11;8559;26;;;8552.0;0.0
4;27000;PEBBLES_M;11172;11;11171;26;;;11187;11;11188;26;;;11179.5;0.0
4;27000;PEBBLES_L;10961;11;10959;26;;;10975;11;10976;26;;;10968.0;0.0
4;27000;PEBBLES_XL;12439;11;12437;26;;;12455;11;12457;26;;;12447.0;0.0
4;27000;PEBBLES_XS;6849;11;6848;26;;;6859;11;6860;26;;;6854.0;0.0
4;27100;PEBBLES_S;8546;15;8545;24;;;8557;15;8559;24;;;8551.5;0.0
4;27100;PEBBLES_M;11185;15;11183;24;;;11199;15;11201;24;;;11192.0;0.0
4;27100;PEBBLES_L;10942;15;10940;24;;;10956;15;10957;24;;;10949.0;0.0
4;27100;PEBBLES_XL;12439;15;12437;24;;;12455;15;12456;24;;;12447.0;0.0
4;27100;PEBBLES_XS;6856;15;6855;24;;;6866;15;6867;24;;;6861.0;0.0
4;27200;PEBBLES_S;8548;10;8547;24;;;8559;10;8561;24;;;8553.5;0.0
4;27200;PEBBLES_M;11186;10;11184;24;;;11200;10;11202;24;;;11193.0;0.0
4;27200;PEBBLES_L;10949;10;10947;24;;;10963;10;10965;24;;;10956.0;0.0
4;27200;PEBBLES_XS;6873;10;6872;24;;;6883;10;6884;24;;;6878.0;0.0
4;27200;PEBBLES_XL;12411;10;12409;24;;;12427;10;12429;24;;;12419.0;0.0
4;27300;PEBBLES_XS;6883;15;6882;24;;;6892;15;6893;24;;;6887.5;0.0
4;27300;PEBBLES_XL;12416;15;12414;24;;;12432;15;12434;24;;;12424.0;0.0
4;27300;PEBBLES_S;8549;15;8548;24;;;8561;15;8562;24;;;8555.0;0.0
4;27300;PEBBLES_M;11176;15;11175;24;;;11191;15;11192;24;;;11183.5;0.0
4;27300;PEBBLES_L;10943;15;10941;24;;;10957;15;10959;24;;;10950.0;0.0
4;27400;PEBBLES_XL;12414;10;12412;28;;;12430;10;12432;28;;;12422.0;0.0
4;27400;PEBBLES_S;8562;10;8560;28;;;8573;10;8574;28;;;8567.5;0.0
4;27400;PEBBLES_M;11166;10;11164;28;;;11181;10;11182;28;;;11173.5;0.0
4;27400;PEBBLES_L;10946;10;10945;28;;;10960;10;10962;28;;;10953.0;0.0
4;27400;PEBBLES_XS;6880;10;6879;28;;;6889;10;6890;28;;;6884.5;0.0
4;27500;PEBBLES_M;11175;11;11173;23;;;11189;11;11191;23;;;11182.0;0.0
4;27500;PEBBLES_L;10938;11;10937;23;;;10952;11;10954;23;;;10945.0;0.0
4;27500;PEBBLES_XL;12406;11;12404;23;;;12422;11;12424;23;;;12414.0;0.0
4;27500;PEBBLES_XS;6888;11;6887;23;;;6897;11;6898;23;;;6892.5;0.0
4;27500;PEBBLES_S;8561;11;8559;23;;;8572;11;8573;23;;;8566.5;0.0
4;27600;PEBBLES_XS;6920;10;6919;28;;;6929;10;6930;28;;;6924.5;0.0
4;27600;PEBBLES_XL;12417;10;12415;28;;;12433;10;12435;28;;;12425.0;0.0
4;27600;PEBBLES_S;8533;10;8531;28;;;8544;10;8545;28;;;8538.5;0.0
4;27600;PEBBLES_M;11163;10;11161;28;;;11177;10;11179;28;;;11170.0;0.0
4;27600;PEBBLES_L;10935;10;10933;28;;;10949;10;10950;28;;;10942.0;0.0
4;27700;PEBBLES_XS;6915;14;6914;29;;;6925;14;6926;29;;;6920.0;0.0
4;27700;PEBBLES_XL;12431;14;12429;29;;;12447;14;12449;29;;;12439.0;0.0
4;27700;PEBBLES_S;8571;14;8570;29;;;8582;14;8584;29;;;8576.5;0.0
4;27700;PEBBLES_M;11128;14;11126;29;;;11142;14;11144;29;;;11135.0;0.0
4;27700;PEBBLES_L;10922;14;10921;29;;;10937;14;10938;29;;;10929.5;0.0
4;27800;PEBBLES_XL;12394;11;12392;28;;;12410;11;12412;28;;;12402.0;0.0
4;27800;PEBBLES_XS;6937;11;6936;28;;;6946;11;6947;28;;;6941.5;0.0
4;27800;PEBBLES_S;8568;11;8566;28;;;8579;11;8580;28;;;8573.5;0.0
4;27800;PEBBLES_M;11148;11;11147;28;;;11163;11;11165;28;;;11155.5;0.0
4;27800;PEBBLES_L;10921;11;10919;28;;;10935;11;10937;28;;;10928.0;0.0
4;27900;PEBBLES_XL;12415;11;12413;25;;;12431;11;12433;25;;;12423.0;0.0
4;27900;PEBBLES_S;8579;11;8578;25;;;8591;11;8592;25;;;8585.0;0.0
4;27900;PEBBLES_M;11137;11;11135;25;;;11151;11;11153;25;;;11144.0;0.0
4;27900;PEBBLES_L;10917;11;10915;25;;;10931;11;10932;25;;;10924.0;0.0
4;27900;PEBBLES_XS;6920;11;6919;25;;;6929;11;6930;25;;;6924.5;0.0
4;28000;PEBBLES_S;8600;12;8599;20;;;8611;12;8613;20;;;8605.5;0.0
4;28000;PEBBLES_M;11148;12;11146;20;;;11162;12;11164;20;;;11155.0;0.0
4;28000;PEBBLES_L;10910;12;10908;20;;;10924;12;10925;20;;;10917.0;0.0
4;28000;PEBBLES_XS;6929;12;6928;20;;;6938;12;6939;20;;;6933.5;0.0
4;28000;PEBBLES_XL;12381;12;12379;20;;;12397;12;12399;20;;;12389.0;0.0
4;28100;PEBBLES_S;8601;15;8600;20;;;8612;15;8614;20;;;8606.5;0.0
4;28100;PEBBLES_M;11131;15;11129;20;;;11145;15;11147;20;;;11138.0;0.0
4;28100;PEBBLES_L;10902;15;10901;20;;;10917;15;10918;20;;;10909.5;0.0
4;28100;PEBBLES_XS;6933;15;6932;20;;;6942;15;6943;20;;;6937.5;0.0
4;28100;PEBBLES_XL;12400;15;12399;20;;;12416;15;12418;20;;;12408.0;0.0
4;28200;PEBBLES_S;8607;10;8606;21;;;8619;10;8620;21;;;8613.0;0.0
4;28200;PEBBLES_M;11127;10;11125;21;;;11141;10;11143;21;;;11134.0;0.0
4;28200;PEBBLES_L;10884;10;10882;21;;;10898;10;10899;21;;;10891.0;0.0
4;28200;PEBBLES_XL;12438;10;12436;21;;;12454;10;12455;21;;;12446.0;0.0
4;28200;PEBBLES_XS;6912;10;6911;21;;;6921;10;6922;21;;;6916.5;0.0
4;28300;PEBBLES_XS;6930;11;6929;26;;;6939;11;6940;26;;;6934.5;0.0
4;28300;PEBBLES_S;8602;11;8600;26;;;8613;11;8614;26;;;8607.5;0.0
4;28300;PEBBLES_M;11114;11;11112;26;;;11128;11;11130;26;;;11121.0;0.0
4;28300;PEBBLES_L;10857;11;10855;26;;;10871;11;10872;26;;;10864.0;0.0
4;28300;PEBBLES_XL;12466;11;12464;26;;;12482;11;12483;26;;;12474.0;0.0
4;28400;PEBBLES_XS;6923;11;6922;28;;;6933;11;6934;28;;;6928.0;0.0
4;28400;PEBBLES_S;8604;11;8603;28;;;8615;11;8617;28;;;8609.5;0.0
4;28400;PEBBLES_XL;12470;11;12468;28;;;12486;11;12487;28;;;12478.0;0.0
4;28400;PEBBLES_M;11113;11;11111;28;;;11127;11;11129;28;;;11120.0;0.0
4;28400;PEBBLES_L;10858;11;10856;28;;;10872;11;10873;28;;;10865.0;0.0
4;28500;PEBBLES_S;8608;12;8607;20;;;8619;12;8620;20;;;8613.5;0.0
4;28500;PEBBLES_M;11101;12;11099;20;;;11115;12;11117;20;;;11108.0;0.0
4;28500;PEBBLES_L;10850;12;10848;20;;;10864;12;10865;20;;;10857.0;0.0
4;28500;PEBBLES_XS;6950;12;6949;20;;;6959;12;6960;20;;;6954.5;0.0
4;28500;PEBBLES_XL;12459;12;12457;20;;;12475;12;12477;20;;;12467.0;0.0
4;28600;PEBBLES_XL;12502;15;12500;22;;;12518;15;12520;22;;;12510.0;0.0
4;28600;PEBBLES_XS;6937;15;6936;22;;;6946;15;6947;22;;;6941.5;0.0
4;28600;PEBBLES_S;8597;15;8596;22;;;8609;15;8610;22;;;8603.0;0.0
4;28600;PEBBLES_M;11098;15;11097;22;;;11113;15;11114;22;;;11105.5;0.0
4;28600;PEBBLES_L;10833;15;10832;22;;;10847;15;10849;22;;;10840.0;0.0
4;28700;PEBBLES_XL;12474;14;12472;30;;;12490;14;12492;30;;;12482.0;0.0
4;28700;PEBBLES_XS;6966;14;6965;30;;;6975;14;6976;30;;;6970.5;0.0
4;28700;PEBBLES_S;8609;14;8607;30;;;8620;14;8621;30;;;8614.5;0.0
4;28700;PEBBLES_M;11095;14;11093;30;;;11109;14;11111;30;;;11102.0;0.0
4;28700;PEBBLES_L;10824;14;10823;30;;;10838;14;10840;30;;;10831.0;0.0
4;28800;PEBBLES_XS;6988;14;6987;23;;;6997;14;6999;23;;;6992.5;0.0
4;28800;PEBBLES_XL;12413;14;12412;23;;;12429;14;12431;23;;;12421.0;0.0
4;28800;PEBBLES_S;8622;14;8620;23;;;8633;14;8634;23;;;8627.5;0.0
4;28800;PEBBLES_M;11127;14;11125;23;;;11141;14;11143;23;;;11134.0;0.0
4;28800;PEBBLES_L;10818;14;10816;23;;;10832;14;10833;23;;;10825.0;0.0
4;28900;PEBBLES_XS;6996;13;6995;22;;;7005;13;7006;22;;;7000.5;0.0
4;28900;PEBBLES_XL;12383;13;12381;22;;;12399;13;12401;22;;;12391.0;0.0
4;28900;PEBBLES_S;8625;13;8623;22;;;8636;13;8637;22;;;8630.5;0.0
4;28900;PEBBLES_M;11144;13;11142;22;;;11158;13;11160;22;;;11151.0;0.0
4;28900;PEBBLES_L;10821;13;10819;22;;;10835;13;10836;22;;;10828.0;0.0
4;29000;PEBBLES_XL;12346;13;12344;25;;;12361;13;12363;25;;;12353.5;0.0
4;29000;PEBBLES_S;8643;13;8642;25;;;8655;13;8656;25;;;8649.0;0.0
4;29000;PEBBLES_M;11170;13;11168;25;;;11184;13;11186;25;;;11177.0;0.0
4;29000;PEBBLES_L;10805;13;10803;25;;;10819;13;10821;25;;;10812.0;0.0
4;29000;PEBBLES_XS;7004;13;7003;25;;;7013;13;7015;25;;;7008.5;0.0
4;29100;PEBBLES_S;8675;15;8673;26;;;8686;15;8687;26;;;8680.5;0.0
4;29100;PEBBLES_L;10817;15;10815;26;;;10831;15;10832;26;;;10824.0;0.0
4;29100;PEBBLES_M;11162;15;11160;26;;;11176;15;11178;26;;;11169.0;0.0
4;29100;PEBBLES_XL;12331;15;12330;26;;;12347;15;12349;26;;;12339.0;0.0
4;29100;PEBBLES_XS;6983;15;6982;26;;;6992;15;6993;26;;;6987.5;0.0
4;29200;PEBBLES_S;8674;12;8673;23;;;8686;12;8687;23;;;8680.0;0.0
4;29200;PEBBLES_L;10800;12;10798;23;;;10814;12;10816;23;;;10807.0;0.0
4;29200;PEBBLES_M;11174;12;11173;23;;;11189;12;11191;23;;;11181.5;0.0
4;29200;PEBBLES_XS;7006;12;7005;23;;;7016;12;7017;23;;;7011.0;0.0
