day;timestamp;product;bid_price_1;bid_volume_1;bid_price_2;bid_volume_2;bid_price_3;bid_volume_3;ask_price_1;ask_volume_1;ask_price_2;ask_volume_2;ask_price_3;ask_volume_3;mid_price;profit_and_loss
2;0;PEBBLES_L;9994;13;9992;21;;;10006;13;10008;21;;;10000.0;0.0
2;0;PEBBLES_M;9994;13;9992;21;;;10006;13;10008;21;;;10000.0;0.0
2;0;PEBBLES_S;9994;13;9992;21;;;10006;13;10008;21;;;10000.0;0.0
2;0;PEBBLES_XL;9994;13;9992;21;;;10006;13;10008;21;;;10000.0;0.0
2;0;PEBBLES_XS;9994;13;9992;21;;;10006;13;10008;21;;;10000.0;0.0
2;100;PEBBLES_L;9991;15;9990;26;;;10004;15;10006;26;;;9997.5;0.0
2;100;PEBBLES_M;10004;15;10002;26;;;10017;15;10018;26;;;10010.5;0.0
2;100;PEBBLES_S;10004;15;10002;26;;;10017;15;10018;26;;;10010.5;0.0
2;100;PEBBLES_XS;10016;15;10014;26;;;10029;15;10030;26;;;10022.5;0.0
2;100;PEBBLES_XL;9953;15;9951;26;;;9966;15;9967;26;;;9959.5;0.0
2;200;PEBBLES_L;9987;15;9986;30;;;10000;15;10002;30;;;9993.5;0.0
2;200;PEBBLES_XS;10019;15;10017;30;;;10032;15;10033;30;;;10025.5;0.0
2;200;PEBBLES_M;10034;15;10032;30;;;10047;15;10048;30;;;10040.5;0.0
2;200;PEBBLES_S;10006;15;10005;30;;;10019;15;10021;30;;;10012.5;0.0
2;200;PEBBLES_XL;9922;15;9920;30;;;9935;15;9936;30;;;9928.5;0.0
2;300;PEBBLES_XL;9943;12;9941;27;;;9955;12;9957;27;;;9949.0;0.0
2;300;PEBBLES_XS;10029;12;10028;27;;;10042;12;10044;27;;;10035.5;0.0
2;300;PEBBLES_L;9975;12;9974;27;;;9988;12;9990;27;;;9981.5;0.0
2;300;PEBBLES_M;10028;12;10026;27;;;10041;12;10042;27;;;10034.5;0.0
2;300;PEBBLES_S;9993;12;9991;27;;;10006;12;10007;27;;;9999.5;0.0
2;400;PEBBLES_XL;9941;12;9940;25;;;9954;12;9956;25;;;9947.5;0.0
2;400;PEBBLES_XS;10036;12;10035;25;;;10049;12;10051;25;;;10042.5;0.0
2;400;PEBBLES_L;9962;12;9960;25;;;9975;12;9976;25;;;9968.5;0.0
2;400;PEBBLES_M;10050;12;10049;25;;;10064;12;10065;25;;;10057.0;0.0
2;400;PEBBLES_S;9978;12;9976;25;;;9991;12;9992;25;;;9984.5;0.0
2;500;PEBBLES_XS;10037;11;10035;22;;;10050;11;10052;22;;;10043.5;0.0
2;500;PEBBLES_L;9973;11;9971;22;;;9986;11;9987;22;;;9979.5;0.0
2;500;PEBBLES_M;10043;11;10041;22;;;10056;11;10057;22;;;10049.5;0.0
2;500;PEBBLES_S;9950;11;9948;22;;;9963;11;9964;22;;;9956.5;0.0
2;500;PEBBLES_XL;9965;11;9964;22;;;9978;11;9980;22;;;9971.5;0.0
2;600;PEBBLES_XS;10042;13;10041;25;;;10055;13;10057;25;;;10048.5;0.0
2;600;PEBBLES_XL;9943;13;9941;25;;;9956;13;9957;25;;;9949.5;0.0
2;600;PEBBLES_L;9978;13;9977;25;;;9991;13;9993;25;;;9984.5;0.0
2;600;PEBBLES_M;10039;13;10037;25;;;10052;13;10053;25;;;10045.5;0.0
2;600;PEBBLES_S;9965;13;9964;25;;;9978;13;9980;25;;;9971.5;0.0
2;700;PEBBLES_S;9984;11;9982;23;;;9997;11;9998;23;;;9990.5;0.0
2;700;PEBBLES_XL;9914;11;9913;23;;;9927;11;9929;23;;;9920.5;0.0
2;700;PEBBLES_XS;10064;11;10062;23;;;10077;11;10078;23;;;10070.5;0.0
2;700;PEBBLES_L;9988;11;9987;23;;;10001;11;10003;23;;;9994.5;0.0
2;700;PEBBLES_M;10017;11;10016;23;;;10030;11;10032;23;;;10023.5;0.0
2;800;PEBBLES_XL;9922;12;9920;27;;;9935;12;9936;27;;;9928.5;0.0
2;800;PEBBLES_XS;10042;12;10040;27;;;10055;12;10057;27;;;10048.5;0.0
2;800;PEBBLES_L;9982;12;9980;27;;;9995;12;9996;27;;;9988.5;0.0
2;800;PEBBLES_M;10032;12;10030;27;;;10045;12;10046;27;;;10038.5;0.0
2;800;PEBBLES_S;9990;12;9989;27;;;10003;12;10005;27;;;9996.5;0.0
2;900;PEBBLES_XS;10035;12;10033;21;;;10048;12;10050;21;;;10041.5;0.0
2;900;PEBBLES_XL;9955;12;9953;21;;;9968;12;9969;21;;;9961.5;0.0
2;900;PEBBLES_L;9960;12;9958;21;;;9973;12;9974;21;;;9966.5;0.0
2;900;PEBBLES_M;10030;12;10028;21;;;10043;12;10044;21;;;10036.5;0.0
2;900;PEBBLES_S;9988;12;9987;21;;;10001;12;10003;21;;;9994.5;0.0
2;1000;PEBBLES_M;10043;14;10041;28;;;10056;14;10057;28;;;10049.5;0.0
2;1000;PEBBLES_S;10001;14;9999;28;;;10014;14;10016;28;;;10007.5;0.0
2;1000;PEBBLES_XL;9922;14;9920;28;;;9935;14;9936;28;;;9928.5;0.0
2;1000;PEBBLES_L;9971;14;9969;28;;;9984;14;9985;28;;;9977.5;0.0
2;1000;PEBBLES_XS;10031;14;10030;28;;;10044;14;10046;28;;;10037.5;0.0
2;1100;PEBBLES_L;9960;13;9958;28;;;9973;13;9974;28;;;9966.5;0.0
2;1100;PEBBLES_M;10021;13;10019;28;;;10034;13;10035;28;;;10027.5;0.0
2;1100;PEBBLES_S;10036;13;10034;28;;;10049;13;10050;28;;;10042.5;0.0
2;1100;PEBBLES_XL;9944;13;9942;28;;;9957;13;9958;28;;;9950.5;0.0
2;1100;PEBBLES_XS;10007;13;10006;28;;;10020;13;10022;28;;;10013.5;0.0
2;1200;PEBBLES_L;9983;12;9982;28;;;9996;12;9998;28;;;9989.5;0.0
2;1200;PEBBLES_M;10016;12;10015;28;;;10029;12;10031;28;;;10022.5;0.0
2;1200;PEBBLES_S;10055;12;10053;28;;;10068;12;10069;28;;;10061.5;0.0
2;1200;PEBBLES_XL;9910;12;9909;28;;;9923;12;9924;28;;;9916.5;0.0
2;1200;PEBBLES_XS;10003;12;10002;28;;;10016;12;10018;28;;;10009.5;0.0
2;1300;PEBBLES_XS;9974;13;9973;23;;;9987;13;9989;23;;;9980.5;0.0
2;1300;PEBBLES_L;9988;13;9986;23;;;10001;13;10002;23;;;9994.5;0.0
2;1300;PEBBLES_M;10002;13;10001;23;;;10015;13;10017;23;;;10008.5;0.0
2;1300;PEBBLES_S;10086;13;10084;23;;;10099;13;10101;23;;;10092.5;0.0
2;1300;PEBBLES_XL;9917;13;9916;23;;;9930;13;9932;23;;;9923.5;0.0
2;1400;PEBBLES_XS;9942;10;9940;24;;;9955;10;9956;24;;;9948.5;0.0
2;1400;PEBBLES_XL;9950;10;9949;24;;;9963;10;9965;24;;;9956.5;0.0
2;1400;PEBBLES_L;9991;10;9990;24;;;10004;10;10006;24;;;9997.5;0.0
2;1400;PEBBLES_M;9998;10;9997;24;;;10011;10;10013;24;;;10004.5;0.0
2;1400;PEBBLES_S;10086;10;10084;24;;;10099;10;10101;24;;;10092.5;0.0
2;1500;PEBBLES_S;10089;12;10088;29;;;10103;12;10104;29;;;10096.0;0.0
2;1500;PEBBLES_XL;9938;12;9937;29;;;9951;12;9953;29;;;9944.5;0.0
2;1500;PEBBLES_XS;9941;12;9939;29;;;9953;12;9955;29;;;9947.0;0.0
2;1500;PEBBLES_L;9990;12;9989;29;;;10003;12;10005;29;;;9996.5;0.0
2;1500;PEBBLES_M;10009;12;10007;29;;;10022;12;10023;29;;;10015.5;0.0
2;1600;PEBBLES_XL;9949;14;9948;23;;;9962;14;9964;23;;;9955.5;0.0
2;1600;PEBBLES_XS;9925;14;9924;23;;;9938;14;9940;23;;;9931.5;0.0
2;1600;PEBBLES_L;9971;14;9970;23;;;9984;14;9986;23;;;9977.5;0.0
2;1600;PEBBLES_M;10020;14;10018;23;;;10033;14;10034;23;;;10026.5;0.0
2;1600;PEBBLES_S;10102;14;10100;23;;;10115;14;10117;23;;;10108.5;0.0
2;1700;PEBBLES_XS;9939;13;9937;24;;;9951;13;9953;24;;;9945.0;0.0
2;1700;PEBBLES_XL;9941;13;9940;24;;;9954;13;9956;24;;;9947.5;0.0
2;1700;PEBBLES_L;9966;13;9965;24;;;9979;13;9981;24;;;9972.5;0.0
2;1700;PEBBLES_M;10013;13;10011;24;;;10026;13;10027;24;;;10019.5;0.0
2;1700;PEBBLES_S;10109;13;10107;24;;;10122;13;10123;24;;;10115.5;0.0
2;1800;PEBBLES_XS;9958;13;9956;28;;;9971;13;9972;28;;;9964.5;0.0
2;1800;PEBBLES_M;10007;13;10006;28;;;10020;13;10022;28;;;10013.5;0.0
2;1800;PEBBLES_S;10110;13;10108;28;;;10123;13;10124;28;;;10116.5;0.0
2;1800;PEBBLES_XL;9938;13;9937;28;;;9951;13;9953;28;;;9944.5;0.0
2;1800;PEBBLES_L;9954;13;9953;28;;;9967;13;9969;28;;;9960.5;0.0
2;1900;PEBBLES_XL;9939;15;9938;24;;;9952;15;9954;24;;;9945.5;0.0
2;1900;PEBBLES_XS;9962;15;9961;24;;;9975;15;9977;24;;;9968.5;0.0
2;1900;PEBBLES_L;9942;15;9940;24;;;9955;15;9956;24;;;9948.5;0.0
2;1900;PEBBLES_M;10010;15;10009;24;;;10023;15;10025;24;;;10016.5;0.0
2;1900;PEBBLES_S;10114;15;10112;24;;;10127;15;10128;24;;;10120.5;0.0
2;2000;PEBBLES_XL;9968;13;9967;22;;;9981;13;9983;22;;;9974.5;0.0
2;2000;PEBBLES_XS;9945;13;9944;22;;;9958;13;9960;22;;;9951.5;0.0
2;2000;PEBBLES_L;9931;13;9930;22;;;9944;13;9946;22;;;9937.5;0.0
2;2000;PEBBLES_M;10006;13;10004;22;;;10019;13;10020;22;;;10012.5;0.0
2;2000;PEBBLES_S;10117;13;10116;22;;;10131;13;10132;22;;;10124.0;0.0
2;2100;PEBBLES_L;9935;12;9934;25;;;9948;12;9949;25;;;9941.5;0.0
2;2100;PEBBLES_M;10014;12;10012;25;;;10027;12;10028;25;;;10020.5;0.0
2;2100;PEBBLES_XL;9943;12;9941;25;;;9956;12;9957;25;;;9949.5;0.0
2;2100;PEBBLES_S;10113;12;10111;25;;;10126;12;10127;25;;;10119.5;0.0
2;2100;PEBBLES_XS;9963;12;9962;25;;;9976;12;9978;25;;;9969.5;0.0
2;2200;PEBBLES_L;9937;10;9935;29;;;9950;10;9951;29;;;9943.5;0.0
2;2200;PEBBLES_M;10018;10;10017;29;;;10031;10;10033;29;;;10024.5;0.0
2;2200;PEBBLES_S;10104;10;10102;29;;;10117;10;10118;29;;;10110.5;0.0
2;2200;PEBBLES_XS;9951;10;9950;29;;;9964;10;9966;29;;;9957.5;0.0
2;2200;PEBBLES_XL;9957;10;9956;29;;;9970;10;9972;29;;;9963.5;0.0
2;2300;PEBBLES_L;9930;14;9929;20;;;9943;14;9945;20;;;9936.5;0.0
2;2300;PEBBLES_M;10017;14;10016;20;;;10030;14;10032;20;;;10023.5;0.0
2;2300;PEBBLES_XL;9965;14;9964;20;;;9978;14;9980;20;;;9971.5;0.0
2;2300;PEBBLES_S;10107;14;10105;20;;;10120;14;10121;20;;;10113.5;0.0
2;2300;PEBBLES_XS;9948;14;9947;20;;;9961;14;9963;20;;;9954.5;0.0
2;2400;PEBBLES_XL;10004;10;10002;25;;;10017;10;10018;25;;;10010.5;0.0
2;2400;PEBBLES_XS;9960;10;9958;25;;;9973;10;9974;25;;;9966.5;0.0
2;2400;PEBBLES_L;9910;10;9909;25;;;9923;10;9925;25;;;9916.5;0.0
2;2400;PEBBLES_M;10000;10;9998;25;;;10013;10;10014;25;;;10006.5;0.0
2;2400;PEBBLES_S;10094;10;10092;25;;;10107;10;10108;25;;;10100.5;0.0
2;2500;PEBBLES_XS;9977;14;9975;27;;;9990;14;9991;27;;;9983.5;0.0
2;2500;PEBBLES_XL;10008;14;10007;27;;;10021;14;10023;27;;;10014.5;0.0
2;2500;PEBBLES_M;9988;14;9987;27;;;10001;14;10003;27;;;9994.5;0.0
2;2500;PEBBLES_L;9909;14;9908;27;;;9922;14;9924;27;;;9915.5;0.0
2;2500;PEBBLES_S;10085;14;10084;27;;;10098;14;10100;27;;;10091.5;0.0
2;2600;PEBBLES_XS;9966;13;9964;20;;;9979;13;9980;20;;;9972.5;0.0
2;2600;PEBBLES_S;10091;13;10090;20;;;10104;13;10106;20;;;10097.5;0.0
2;2600;PEBBLES_M;9972;13;9970;20;;;9985;13;9986;20;;;9978.5;0.0
2;2600;PEBBLES_XL;10060;13;10058;20;;;10073;13;10074;20;;;10066.5;0.0
2;2600;PEBBLES_L;9879;13;9878;20;;;9892;13;9894;20;;;9885.5;0.0
2;2700;PEBBLES_XL;10042;14;10041;29;;;10056;14;10057;29;;;10049.0;0.0
2;2700;PEBBLES_XS;9957;14;9955;29;;;9970;14;9971;29;;;9963.5;0.0
2;2700;PEBBLES_M;9968;14;9967;29;;;9981;14;9983;29;;;9974.5;0.0
2;2700;PEBBLES_L;9876;14;9875;29;;;9889;14;9891;29;;;9882.5;0.0
2;2700;PEBBLES_S;10123;14;10122;29;;;10137;14;10138;29;;;10130.0;0.0
2;2800;PEBBLES_XL;10080;11;10078;22;;;10093;11;10094;22;;;10086.5;0.0
2;2800;PEBBLES_XS;9940;11;9939;22;;;9953;11;9955;22;;;9946.5;0.0
2;2800;PEBBLES_L;9856;11;9854;22;;;9869;11;9870;22;;;9862.5;0.0
2;2800;PEBBLES_S;10139;11;10138;22;;;10152;11;10154;22;;;10145.5;0.0
2;2800;PEBBLES_M;9952;11;9951;22;;;9965;11;9967;22;;;9958.5;0.0
2;2900;PEBBLES_XS;9940;15;9939;21;;;9953;15;9955;21;;;9946.5;0.0
2;2900;PEBBLES_M;9952;15;9950;21;;;9965;15;9966;21;;;9958.5;0.0
2;2900;PEBBLES_L;9882;15;9880;21;;;9895;15;9896;21;;;9888.5;0.0
2;2900;PEBBLES_XL;10053;15;10052;21;;;10066;15;10068;21;;;10059.5;0.0
2;2900;PEBBLES_S;10140;15;10139;21;;;10154;15;10155;21;;;10147.0;0.0
2;3000;PEBBLES_XS;9938;13;9937;27;;;9951;13;9953;27;;;9944.5;0.0
2;3000;PEBBLES_XL;10084;13;10083;27;;;10098;13;10099;27;;;10091.0;0.0
2;3000;PEBBLES_L;9885;13;9883;27;;;9898;13;9899;27;;;9891.5;0.0
2;3000;PEBBLES_S;10117;13;10116;27;;;10131;13;10132;27;;;10124.0;0.0
2;3000;PEBBLES_M;9943;13;9941;27;;;9955;13;9957;27;;;9949.0;0.0
2;3100;PEBBLES_XL;10121;10;10120;25;;;10134;10;10136;25;;;10127.5;0.0
2;3100;PEBBLES_S;10099;10;10098;25;;;10112;10;10114;25;;;10105.5;0.0
2;3100;PEBBLES_XS;9926;10;9924;25;;;9939;10;9940;25;;;9932.5;0.0
2;3100;PEBBLES_M;9965;10;9964;25;;;9978;10;9980;25;;;9971.5;0.0
2;3100;PEBBLES_L;9856;10;9855;25;;;9869;10;9871;25;;;9862.5;0.0
2;3200;PEBBLES_L;9870;12;9869;28;;;9883;12;9885;28;;;9876.5;0.0
2;3200;PEBBLES_S;10110;12;10109;28;;;10123;12;10125;28;;;10116.5;0.0
2;3200;PEBBLES_M;9982;12;9980;28;;;9995;12;9996;28;;;9988.5;0.0
2;3200;PEBBLES_XS;9928;12;9927;28;;;9941;12;9943;28;;;9934.5;0.0
2;3200;PEBBLES_XL;10077;12;10075;28;;;10090;12;10091;28;;;10083.5;0.0
2;3300;PEBBLES_M;9966;12;9964;26;;;9978;12;9980;26;;;9972.0;0.0
2;3300;PEBBLES_L;9856;12;9854;26;;;9869;12;9870;26;;;9862.5;0.0
2;3300;PEBBLES_S;10132;12;10131;26;;;10145;12;10147;26;;;10138.5;0.0
2;3300;PEBBLES_XS;9926;12;9925;26;;;9939;12;9941;26;;;9932.5;0.0
2;3300;PEBBLES_XL;10088;12;10086;26;;;10101;12;10102;26;;;10094.5;0.0
2;3400;PEBBLES_L;9857;11;9855;25;;;9870;11;9871;25;;;9863.5;0.0
2;3400;PEBBLES_XS;9910;11;9909;25;;;9923;11;9925;25;;;9916.5;0.0
2;3400;PEBBLES_S;10135;11;10133;25;;;10148;11;10149;25;;;10141.5;0.0
2;3400;PEBBLES_XL;10088;11;10087;25;;;10101;11;10103;25;;;10094.5;0.0
2;3400;PEBBLES_M;9977;11;9976;25;;;9990;11;9992;25;;;9983.5;0.0
2;3500;PEBBLES_XS;9903;10;9902;21;;;9916;10;9918;21;;;9909.5;0.0
2;3500;PEBBLES_XL;10086;10;10084;21;;;10099;10;10100;21;;;10092.5;0.0
2;3500;PEBBLES_M;9977;10;9975;21;;;9990;10;9991;21;;;9983.5;0.0
2;3500;PEBBLES_L;9856;10;9855;21;;;9869;10;9870;21;;;9862.5;0.0
2;3500;PEBBLES_S;10146;10;10144;21;;;10159;10;10160;21;;;10152.5;0.0
2;3600;PEBBLES_XS;9896;10;9894;30;;;9909;10;9910;30;;;9902.5;0.0
2;3600;PEBBLES_XL;10086;10;10084;30;;;10099;10;10100;30;;;10092.5;0.0
2;3600;PEBBLES_L;9863;10;9862;30;;;9876;10;9878;30;;;9869.5;0.0
2;3600;PEBBLES_S;10152;10;10150;30;;;10165;10;10167;30;;;10158.5;0.0
2;3600;PEBBLES_M;9971;10;9969;30;;;9984;10;9985;30;;;9977.5;0.0
2;3700;PEBBLES_XS;9893;15;9891;24;;;9905;15;9907;24;;;9899.0;0.0
2;3700;PEBBLES_M;9981;15;9980;24;;;9994;15;9996;24;;;9987.5;0.0
2;3700;PEBBLES_L;9847;15;9846;24;;;9860;15;9862;24;;;9853.5;0.0
2;3700;PEBBLES_XL;10101;15;10100;24;;;10115;15;10116;24;;;10108.0;0.0
2;3700;PEBBLES_S;10145;15;10143;24;;;10158;15;10159;24;;;10151.5;0.0
2;3800;PEBBLES_XS;9901;13;9899;29;;;9913;13;9915;29;;;9907.0;0.0
2;3800;PEBBLES_XL;10079;13;10078;29;;;10092;13;10094;29;;;10085.5;0.0
2;3800;PEBBLES_L;9853;13;9852;29;;;9866;13;9868;29;;;9859.5;0.0
2;3800;PEBBLES_S;10154;13;10153;29;;;10168;13;10169;29;;;10161.0;0.0
2;3800;PEBBLES_M;9980;13;9979;29;;;9993;13;9995;29;;;9986.5;0.0
2;3900;PEBBLES_XS;9923;13;9922;26;;;9936;13;9938;26;;;9929.5;0.0
2;3900;PEBBLES_S;10159;13;10157;26;;;10172;13;10173;26;;;10165.5;0.0
2;3900;PEBBLES_XL;10030;13;10029;26;;;10043;13;10045;26;;;10036.5;0.0
2;3900;PEBBLES_M;10007;13;10006;26;;;10020;13;10022;26;;;10013.5;0.0
2;3900;PEBBLES_L;9848;13;9847;26;;;9861;13;9862;26;;;9854.5;0.0
2;4000;PEBBLES_XS;9913;15;9912;30;;;9926;15;9928;30;;;9919.5;0.0
2;4000;PEBBLES_XL;10058;15;10057;30;;;10071;15;10073;30;;;10064.5;0.0
2;4000;PEBBLES_L;9834;15;9832;30;;;9847;15;9848;30;;;9840.5;0.0
2;4000;PEBBLES_S;10154;15;10152;30;;;10167;15;10168;30;;;10160.5;0.0
2;4000;PEBBLES_M;10008;15;10007;30;;;10021;15;10023;30;;;10014.5;0.0
2;4100;PEBBLES_XS;9930;14;9929;25;;;9943;14;9944;25;;;9936.5;0.0
2;4100;PEBBLES_XL;10067;14;10065;25;;;10080;14;10081;25;;;10073.5;0.0
2;4100;PEBBLES_M;9994;14;9993;25;;;10007;14;10009;25;;;10000.5;0.0
2;4100;PEBBLES_L;9830;14;9828;25;;;9843;14;9844;25;;;9836.5;0.0
2;4100;PEBBLES_S;10147;14;10145;25;;;10160;14;10161;25;;;10153.5;0.0
2;4200;PEBBLES_S;10171;10;10169;26;;;10184;10;10185;26;;;10177.5;0.0
2;4200;PEBBLES_XL;10077;10;10075;26;;;10090;10;10091;26;;;10083.5;0.0
2;4200;PEBBLES_M;9984;10;9982;26;;;9997;10;9998;26;;;9990.5;0.0
2;4200;PEBBLES_L;9818;10;9817;26;;;9831;10;9832;26;;;9824.5;0.0
2;4200;PEBBLES_XS;9918;10;9917;26;;;9931;10;9932;26;;;9924.5;0.0
2;4300;PEBBLES_M;9987;12;9985;24;;;10000;12;10001;24;;;9993.5;0.0
2;4300;PEBBLES_L;9812;12;9811;24;;;9825;12;9826;24;;;9818.5;0.0
2;4300;PEBBLES_S;10165;12;10164;24;;;10178;12;10180;24;;;10171.5;0.0
2;4300;PEBBLES_XS;9909;12;9908;24;;;9922;12;9924;24;;;9915.5;0.0
2;4300;PEBBLES_XL;10094;12;10093;24;;;10107;12;10109;24;;;10100.5;0.0
2;4400;PEBBLES_L;9844;10;9842;22;;;9856;10;9858;22;;;9850.0;0.0
2;4400;PEBBLES_S;10167;10;10165;22;;;10180;10;10181;22;;;10173.5;0.0
2;4400;PEBBLES_M;9994;10;9993;22;;;10007;10;10009;22;;;10000.5;0.0
2;4400;PEBBLES_XS;9901;10;9900;22;;;9914;10;9916;22;;;9907.5;0.0
2;4400;PEBBLES_XL;10062;10;10060;22;;;10075;10;10076;22;;;10068.5;0.0
2;4500;PEBBLES_XS;9905;14;9903;26;;;9918;14;9919;26;;;9911.5;0.0
2;4500;PEBBLES_M;9994;14;9993;26;;;10007;14;10009;26;;;10000.5;0.0
2;4500;PEBBLES_L;9841;14;9840;26;;;9854;14;9855;26;;;9847.5;0.0
2;4500;PEBBLES_XL;10063;14;10061;26;;;10076;14;10077;26;;;10069.5;0.0
2;4500;PEBBLES_S;10165;14;10163;26;;;10178;14;10180;26;;;10171.5;0.0
2;4600;PEBBLES_XS;9908;15;9906;21;;;9920;15;9922;21;;;9914.0;0.0
2;4600;PEBBLES_XL;10057;15;10055;21;;;10070;15;10071;21;;;10063.5;0.0
2;4600;PEBBLES_L;9839;15;9837;21;;;9852;15;9853;21;;;9845.5;0.0
2;4600;PEBBLES_S;10176;15;10175;21;;;10190;15;10191;21;;;10183.0;0.0
2;4600;PEBBLES_M;9988;15;9986;21;;;10001;15;10002;21;;;9994.5;0.0
2;4700;PEBBLES_S;10187;14;10186;27;;;10201;14;10202;27;;;10194.0;0.0
2;4700;PEBBLES_XS;9870;14;9868;27;;;9882;14;9884;27;;;9876.0;0.0
2;4700;PEBBLES_XL;10101;14;10099;27;;;10114;14;10115;27;;;10107.5;0.0
2;4700;PEBBLES_M;9982;14;9981;27;;;9995;14;9997;27;;;9988.5;0.0
2;4700;PEBBLES_L;9828;14;9826;27;;;9840;14;9842;27;;;9834.0;0.0
2;4800;PEBBLES_XS;9876;10;9874;28;;;9889;10;9890;28;;;9882.5;0.0
2;4800;PEBBLES_XL;10089;10;10088;28;;;10103;10;10104;28;;;10096.0;0.0
2;4800;PEBBLES_L;9822;10;9821;28;;;9835;10;9837;28;;;9828.5;0.0
2;4800;PEBBLES_S;10193;10;10192;28;;;10206;10;10208;28;;;10199.5;0.0
2;4800;PEBBLES_M;9987;10;9985;28;;;10000;10;10001;28;;;9993.5;0.0
2;4900;PEBBLES_XS;9874;15;9873;27;;;9887;15;9889;27;;;9880.5;0.0
2;4900;PEBBLES_XL;10044;15;10042;27;;;10057;15;10059;27;;;10050.5;0.0
2;4900;PEBBLES_M;9982;15;9981;27;;;9995;15;9997;27;;;9988.5;0.0
2;4900;PEBBLES_L;9857;15;9856;27;;;9870;15;9872;27;;;9863.5;0.0
2;4900;PEBBLES_S;10210;15;10208;27;;;10223;15;10225;27;;;10216.5;0.0
2;5000;PEBBLES_XS;9863;12;9862;29;;;9876;12;9877;29;;;9869.5;0.0
2;5000;PEBBLES_S;10210;12;10209;29;;;10223;12;10225;29;;;10216.5;0.0
2;5000;PEBBLES_XL;10052;12;10050;29;;;10065;12;10066;29;;;10058.5;0.0
2;5000;PEBBLES_M;9988;12;9987;29;;;10001;12;10003;29;;;9994.5;0.0
2;5000;PEBBLES_L;9854;12;9853;29;;;9867;12;9869;29;;;9860.5;0.0
2;5100;PEBBLES_XS;9873;11;9872;24;;;9886;11;9887;24;;;9879.5;0.0
2;5100;PEBBLES_XL;9999;11;9997;24;;;10012;11;10013;24;;;10005.5;0.0
2;5100;PEBBLES_M;9998;11;9997;24;;;10011;11;10013;24;;;10004.5;0.0
2;5100;PEBBLES_L;9855;11;9854;24;;;9868;11;9870;24;;;9861.5;0.0
2;5100;PEBBLES_S;10242;11;10241;24;;;10255;11;10257;24;;;10248.5;0.0
2;5200;PEBBLES_XS;9871;15;9869;29;;;9884;15;9885;29;;;9877.5;0.0
2;5200;PEBBLES_XL;10022;15;10020;29;;;10035;15;10036;29;;;10028.5;0.0
2;5200;PEBBLES_L;9866;15;9864;29;;;9879;15;9880;29;;;9872.5;0.0
2;5200;PEBBLES_S;10230;15;10229;29;;;10243;15;10245;29;;;10236.5;0.0
2;5200;PEBBLES_M;9979;15;9977;29;;;9992;15;9993;29;;;9985.5;0.0
2;5300;PEBBLES_M;9969;15;9967;21;;;9982;15;9983;21;;;9975.5;0.0
2;5300;PEBBLES_L;9870;15;9868;21;;;9883;15;9884;21;;;9876.5;0.0
2;5300;PEBBLES_XL;10026;15;10025;21;;;10039;15;10041;21;;;10032.5;0.0
2;5300;PEBBLES_S;10231;15;10229;21;;;10244;15;10246;21;;;10237.5;0.0
2;5300;PEBBLES_XS;9872;15;9870;21;;;9885;15;9886;21;;;9878.5;0.0
2;5400;PEBBLES_L;9866;14;9865;20;;;9879;14;9881;20;;;9872.5;0.0
2;5400;PEBBLES_S;10242;14;10241;20;;;10256;14;10257;20;;;10249.0;0.0
2;5400;PEBBLES_M;9956;14;9955;20;;;9969;14;9971;20;;;9962.5;0.0
2;5400;PEBBLES_XS;9894;14;9893;20;;;9907;14;9909;20;;;9900.5;0.0
2;5400;PEBBLES_XL;10008;14;10006;20;;;10021;14;10022;20;;;10014.5;0.0
2;5500;PEBBLES_M;9932;13;9931;28;;;9945;13;9947;28;;;9938.5;0.0
2;5500;PEBBLES_L;9869;13;9868;28;;;9882;13;9883;28;;;9875.5;0.0
2;5500;PEBBLES_S;10235;13;10233;28;;;10248;13;10250;28;;;10241.5;0.0
2;5500;PEBBLES_XS;9905;13;9903;28;;;9917;13;9919;28;;;9911.0;0.0
2;5500;PEBBLES_XL;10027;13;10026;28;;;10040;13;10042;28;;;10033.5;0.0
2;5600;PEBBLES_XS;9915;14;9913;21;;;9928;14;9929;21;;;9921.5;0.0
2;5600;PEBBLES_XL;10054;14;10053;21;;;10068;14;10069;21;;;10061.0;0.0
2;5600;PEBBLES_L;9849;14;9848;21;;;9862;14;9863;21;;;9855.5;0.0
2;5600;PEBBLES_S;10229;14;10228;21;;;10243;14;10244;21;;;10236.0;0.0
2;5600;PEBBLES_M;9920;14;9919;21;;;9933;14;9934;21;;;9926.5;0.0
2;5700;PEBBLES_XS;9949;12;9947;29;;;9962;12;9963;29;;;9955.5;0.0
2;5700;PEBBLES_XL;10033;12;10032;29;;;10046;12;10048;29;;;10039.5;0.0
2;5700;PEBBLES_M;9913;12;9912;29;;;9926;12;9927;29;;;9919.5;0.0
2;5700;PEBBLES_L;9845;12;9843;29;;;9858;12;9859;29;;;9851.5;0.0
2;5700;PEBBLES_S;10228;12;10226;29;;;10241;12;10242;29;;;10234.5;0.0
2;5800;PEBBLES_XS;9957;10;9955;28;;;9969;10;9971;28;;;9963.0;0.0
2;5800;PEBBLES_S;10230;10;10228;28;;;10243;10;10244;28;;;10236.5;0.0
2;5800;PEBBLES_XL;10021;10;10019;28;;;10034;10;10035;28;;;10027.5;0.0
2;5800;PEBBLES_M;9907;10;9905;28;;;9920;10;9921;28;;;9913.5;0.0
2;5800;PEBBLES_L;9853;10;9852;28;;;9866;10;9868;28;;;9859.5;0.0
2;5900;PEBBLES_XS;9961;15;9960;29;;;9974;15;9976;29;;;9967.5;0.0
2;5900;PEBBLES_XL;10009;15;10007;29;;;10022;15;10023;29;;;10015.5;0.0
2;5900;PEBBLES_M;9930;15;9928;29;;;9943;15;9944;29;;;9936.5;0.0
2;5900;PEBBLES_L;9850;15;9849;29;;;9863;15;9864;29;;;9856.5;0.0
2;5900;PEBBLES_S;10217;15;10216;29;;;10231;15;10232;29;;;10224.0;0.0
2;6000;PEBBLES_XS;9955;15;9953;30;;;9968;15;9969;30;;;9961.5;0.0
2;6000;PEBBLES_XL;10045;15;10043;30;;;10058;15;10059;30;;;10051.5;0.0
2;6000;PEBBLES_L;9850;15;9848;30;;;9862;15;9864;30;;;9856.0;0.0
2;6000;PEBBLES_S;10188;15;10187;30;;;10201;15;10203;30;;;10194.5;0.0
2;6000;PEBBLES_M;9930;15;9929;30;;;9943;15;9944;30;;;9936.5;0.0
2;6100;PEBBLES_XS;9972;11;9970;28;;;9984;11;9986;28;;;9978.0;0.0
2;6100;PEBBLES_M;9935;11;9934;28;;;9948;11;9950;28;;;9941.5;0.0
2;6100;PEBBLES_L;9849;11;9847;28;;;9862;11;9863;28;;;9855.5;0.0
2;6100;PEBBLES_XL;9987;11;9985;28;;;10000;11;10001;28;;;9993.5;0.0
2;6100;PEBBLES_S;10225;11;10223;28;;;10238;11;10240;28;;;10231.5;0.0
2;6200;PEBBLES_XS;9975;11;9974;20;;;9988;11;9989;20;;;9981.5;0.0
2;6200;PEBBLES_XL;9948;11;9947;20;;;9961;11;9963;20;;;9954.5;0.0
2;6200;PEBBLES_L;9870;11;9868;20;;;9883;11;9884;20;;;9876.5;0.0
2;6200;PEBBLES_S;10233;11;10231;20;;;10246;11;10247;20;;;10239.5;0.0
2;6200;PEBBLES_M;9942;11;9940;20;;;9955;11;9956;20;;;9948.5;0.0
2;6300;PEBBLES_XS;10017;12;10016;22;;;10023;5;10030;12;10032;22;10020.0;0.0
2;6300;PEBBLES_S;10222;12;10221;22;;;10229;5;10236;12;10237;22;10225.5;0.0
2;6300;PEBBLES_XL;9885;12;9883;22;;;9890;5;9897;12;9899;22;9887.5;0.0
2;6300;PEBBLES_M;9961;12;9959;22;;;9967;5;9974;12;9975;22;9964.0;0.0
2;6300;PEBBLES_L;9882;12;9881;22;;;9888;5;9895;12;9897;22;9885.0;0.0
2;6400;PEBBLES_L;9886;14;9885;23;;;9899;14;9901;23;;;9892.5;0.0
2;6400;PEBBLES_S;10227;14;10226;23;;;10241;14;10242;23;;;10234.0;0.0
2;6400;PEBBLES_M;9969;14;9968;23;;;9982;14;9984;23;;;9975.5;0.0
2;6400;PEBBLES_XS;10009;14;10007;23;;;10022;14;10023;23;;;10015.5;0.0
2;6400;PEBBLES_XL;9875;14;9874;23;;;9888;14;9890;23;;;9881.5;0.0
2;6500;PEBBLES_M;9970;13;9969;24;;;9983;13;9985;24;;;9976.5;0.0
2;6500;PEBBLES_L;9866;13;9865;24;;;9879;13;9880;24;;;9872.5;0.0
2;6500;PEBBLES_S;10216;13;10214;24;;;10229;13;10231;24;;;10222.5;0.0
2;6500;PEBBLES_XS;10021;13;10019;24;;;10034;13;10035;24;;;10027.5;0.0
2;6500;PEBBLES_XL;9895;13;9893;24;;;9908;13;9909;24;;;9901.5;0.0
2;6600;PEBBLES_L;9891;15;9889;25;;;9904;15;9905;25;;;9897.5;0.0
2;6600;PEBBLES_XS;10001;15;10000;25;;;10014;15;10016;25;;;10007.5;0.0
2;6600;PEBBLES_XL;9864;15;9862;25;;;9877;15;9878;25;;;9870.5;0.0
2;6600;PEBBLES_S;10224;15;10222;25;;;10237;15;10239;25;;;10230.5;0.0
2;6600;PEBBLES_M;9988;15;9986;25;;;10001;15;10002;25;;;9994.5;0.0
2;6700;PEBBLES_XS;9990;13;9989;29;;;10003;13;10005;29;;;9996.5;0.0
2;6700;PEBBLES_XL;9883;13;9882;29;;;9896;13;9898;29;;;9889.5;0.0
2;6700;PEBBLES_M;9999;13;9997;29;;;10012;13;10013;29;;;10005.5;0.0
2;6700;PEBBLES_L;9874;13;9872;29;;;9887;13;9888;29;;;9880.5;0.0
2;6700;PEBBLES_S;10221;13;10219;29;;;10234;13;10236;29;;;10227.5;0.0
2;6800;PEBBLES_XS;10001;10;9999;30;;;10014;10;10015;30;;;10007.5;0.0
2;6800;PEBBLES_XL;9855;10;9853;30;;;9867;10;9869;30;;;9861.0;0.0
2;6800;PEBBLES_L;9886;10;9885;30;;;9899;10;9900;30;;;9892.5;0.0
2;6800;PEBBLES_S;10223;10;10221;30;;;10236;10;10238;30;;;10229.5;0.0
2;6800;PEBBLES_M;10003;10;10002;30;;;10016;10;10018;30;;;10009.5;0.0
2;6900;PEBBLES_XS;9990;12;9988;22;;;10003;12;10004;22;;;9996.5;0.0
2;6900;PEBBLES_M;10007;12;10005;22;;;10020;12;10021;22;;;10013.5;0.0
2;6900;PEBBLES_L;9899;12;9897;22;;;9912;12;9913;22;;;9905.5;0.0
2;6900;PEBBLES_XL;9846;12;9845;22;;;9859;12;9860;22;;;9852.5;0.0
2;6900;PEBBLES_S;10226;12;10225;22;;;10239;12;10241;22;;;10232.5;0.0
2;7000;PEBBLES_XS;9983;11;9982;22;;;9996;11;9998;22;;;9989.5;0.0
2;7000;PEBBLES_XL;9798;11;9797;22;;;9811;11;9813;22;;;9804.5;0.0
2;7000;PEBBLES_L;9919;11;9917;22;;;9932;11;9933;22;;;9925.5;0.0
2;7000;PEBBLES_M;10018;11;10016;22;;;10031;11;10032;22;;;10024.5;0.0
2;7000;PEBBLES_S;10249;11;10248;22;;;10263;11;10264;22;;;10256.0;0.0
2;7100;PEBBLES_XS;9963;15;9961;25;;;9976;15;9977;25;;;9969.5;0.0
2;7100;PEBBLES_S;10240;15;10238;25;;;10253;15;10255;25;;;10246.5;0.0
2;7100;PEBBLES_XL;9864;15;9863;25;;;9877;15;9878;25;;;9870.5;0.0
2;7100;PEBBLES_L;9892;15;9891;25;;;9905;15;9906;25;;;9898.5;0.0
2;7100;PEBBLES_M;10009;15;10008;25;;;10022;15;10024;25;;;10015.5;0.0
2;7200;PEBBLES_XS;9961;11;9960;20;;;9974;11;9976;20;;;9967.5;0.0
2;7200;PEBBLES_XL;9892;11;9890;20;;;9905;11;9906;20;;;9898.5;0.0
2;7200;PEBBLES_M;10018;11;10016;20;;;10031;11;10032;20;;;10024.5;0.0
2;7200;PEBBLES_S;10219;11;10218;20;;;10233;11;10234;20;;;10226.0;0.0
2;7200;PEBBLES_L;9877;11;9876;20;;;9890;11;9892;20;;;9883.5;0.0
2;7300;PEBBLES_XS;9967;11;9965;21;;;9980;11;9981;21;;;9973.5;0.0
2;7300;PEBBLES_XL;9870;11;9869;21;;;9883;11;9885;21;;;9876.5;0.0
2;7300;PEBBLES_S;10229;11;10227;21;;;10242;11;10244;21;;;10235.5;0.0
2;7300;PEBBLES_L;9877;11;9876;21;;;9890;11;9892;21;;;9883.5;0.0
2;7300;PEBBLES_M;10024;11;10023;21;;;10037;11;10039;21;;;10030.5;0.0
2;7400;PEBBLES_XL;9812;15;9811;26;;;9825;15;9826;26;;;9818.5;0.0
2;7400;PEBBLES_M;10020;15;10018;26;;;10033;15;10034;26;;;10026.5;0.0
2;7400;PEBBLES_S;10249;15;10247;26;;;10262;15;10264;26;;;10255.5;0.0
2;7400;PEBBLES_L;9903;15;9901;26;;;9916;15;9917;26;;;9909.5;0.0
2;7400;PEBBLES_XS;9984;15;9982;26;;;9997;15;9998;26;;;9990.5;0.0
2;7500;PEBBLES_L;9900;14;9899;21;;;9913;14;9915;21;;;9906.5;0.0
2;7500;PEBBLES_M;10014;14;10013;21;;;10027;14;10029;21;;;10020.5;0.0
2;7500;PEBBLES_S;10243;14;10242;21;;;10257;14;10258;21;;;10250.0;0.0
2;7500;PEBBLES_XS;9982;14;9981;21;;;9995;14;9997;21;;;9988.5;0.0
2;7500;PEBBLES_XL;9827;14;9826;21;;;9840;14;9842;21;;;9833.5;0.0
2;7600;PEBBLES_M;10013;14;10011;30;;;10026;14;10027;30;;;10019.5;0.0
2;7600;PEBBLES_S;10223;14;10221;30;;;10236;14;10238;30;;;10229.5;0.0
2;7600;PEBBLES_L;9895;14;9894;30;;;9908;14;9910;30;;;9901.5;0.0
2;7600;PEBBLES_XS;9992;14;9990;30;;;10005;14;10006;30;;;9998.5;0.0
2;7600;PEBBLES_XL;9845;14;9843;30;;;9858;14;9859;30;;;9851.5;0.0
2;7700;PEBBLES_XS;10003;10;10001;25;;;10016;10;10017;25;;;10009.5;0.0
2;7700;PEBBLES_S;10240;10;10239;25;;;10253;10;10255;25;;;10246.5;0.0
2;7700;PEBBLES_XL;9805;10;9803;25;;;9818;10;9819;25;;;9811.5;0.0
2;7700;PEBBLES_L;9900;10;9898;25;;;9913;10;9914;25;;;9906.5;0.0
2;7700;PEBBLES_M;10020;10;10018;25;;;10033;10;10035;25;;;10026.5;0.0
2;7800;PEBBLES_XS;10031;11;10030;22;;;10044;11;10046;22;;;10037.5;0.0
2;7800;PEBBLES_XL;9791;11;9789;22;;;9804;11;9805;22;;;9797.5;0.0
2;7800;PEBBLES_L;9897;11;9896;22;;;9910;11;9912;22;;;9903.5;0.0
2;7800;PEBBLES_M;10007;11;10006;22;;;10020;11;10022;22;;;10013.5;0.0
2;7800;PEBBLES_S;10241;11;10239;22;;;10254;11;10256;22;;;10247.5;0.0
2;7900;PEBBLES_XS;10030;13;10029;23;;;10043;13;10045;23;;;10036.5;0.0
2;7900;PEBBLES_S;10229;13;10227;23;;;10242;13;10244;23;;;10235.5;0.0
2;7900;PEBBLES_XL;9813;13;9811;23;;;9825;13;9827;23;;;9819.0;0.0
2;7900;PEBBLES_L;9908;13;9906;23;;;9921;13;9922;23;;;9914.5;0.0
2;7900;PEBBLES_M;9988;13;9986;23;;;10001;13;10002;23;;;9994.5;0.0
2;8000;PEBBLES_XS;10018;15;10017;22;;;10031;15;10033;22;;;10024.5;0.0
2;8000;PEBBLES_XL;9810;15;9809;22;;;9823;15;9824;22;;;9816.5;0.0
2;8000;PEBBLES_M;10007;15;10005;22;;;10020;15;10021;22;;;10013.5;0.0
2;8000;PEBBLES_S;10228;15;10227;22;;;10241;15;10243;22;;;10234.5;0.0
2;8000;PEBBLES_L;9905;15;9903;22;;;9917;15;9919;22;;;9911.0;0.0
2;8100;PEBBLES_XS;10028;10;10027;30;;;10041;10;10043;30;;;10034.5;0.0
2;8100;PEBBLES_XL;9796;10;9795;30;;;9809;10;9810;30;;;9802.5;0.0
2;8100;PEBBLES_S;10222;10;10221;30;;;10235;10;10237;30;;;10228.5;0.0
2;8100;PEBBLES_L;9915;10;9914;30;;;9928;10;9930;30;;;9921.5;0.0
2;8100;PEBBLES_M;10005;10;10004;30;;;10018;10;10020;30;;;10011.5;0.0
2;8200;PEBBLES_XS;10054;12;10052;24;;;10067;12;10068;24;;;10060.5;0.0
2;8200;PEBBLES_XL;9787;12;9786;24;;;9800;12;9802;24;;;9793.5;0.0
2;8200;PEBBLES_M;10016;12;10014;24;;;10029;12;10030;24;;;10022.5;0.0
2;8200;PEBBLES_S;10219;12;10218;24;;;10233;12;10234;24;;;10226.0;0.0
2;8200;PEBBLES_L;9891;12;9890;24;;;9904;12;9906;24;;;9897.5;0.0
2;8300;PEBBLES_XS;10069;15;10067;23;;;10082;15;10083;23;;;10075.5;0.0
2;8300;PEBBLES_XL;9800;15;9799;23;;;9813;15;9815;23;;;9806.5;0.0
2;8300;PEBBLES_L;9900;15;9899;23;;;9913;15;9915;23;;;9906.5;0.0
2;8300;PEBBLES_M;9992;15;9990;23;;;10005;15;10006;23;;;9998.5;0.0
2;8300;PEBBLES_S;10207;15;10205;23;;;10220;15;10221;23;;;10213.5;0.0
2;8400;PEBBLES_XS;10063;13;10061;23;;;10076;13;10077;23;;;10069.5;0.0
2;8400;PEBBLES_XL;9800;13;9799;23;;;9813;13;9815;23;;;9806.5;0.0
2;8400;PEBBLES_M;9985;13;9984;23;;;9998;13;10000;23;;;9991.5;0.0
2;8400;PEBBLES_S;10205;13;10204;23;;;10219;13;10220;23;;;10212.0;0.0
2;8400;PEBBLES_L;9913;13;9912;23;;;9926;13;9928;23;;;9919.5;0.0
2;8500;PEBBLES_S;10217;8;10211;14;10209;21;10224;14;10225;21;;;10220.5;0.0
2;8500;PEBBLES_XL;9801;8;9795;14;9794;21;9808;14;9810;21;;;9804.5;0.0
2;8500;PEBBLES_L;9914;8;9908;14;9907;21;9921;14;9923;21;;;9917.5;0.0
2;8500;PEBBLES_M;9994;8;9988;14;9987;21;10001;14;10003;21;;;9997.5;0.0
2;8500;PEBBLES_XS;10071;8;10065;14;10063;21;10078;14;10079;21;;;10074.5;0.0
2;8600;PEBBLES_L;9908;13;9906;24;;;9921;13;9922;24;;;9914.5;0.0
2;8600;PEBBLES_M;9972;13;9971;24;;;9985;13;9986;24;;;9978.5;0.0
2;8600;PEBBLES_S;10205;13;10203;24;;;10218;13;10219;24;;;10211.5;0.0
2;8600;PEBBLES_XS;10073;13;10072;24;;;10086;13;10088;24;;;10079.5;0.0
2;8600;PEBBLES_XL;9809;13;9808;24;;;9822;13;9824;24;;;9815.5;0.0
2;8700;PEBBLES_L;9931;11;9930;30;;;9944;11;9946;30;;;9937.5;0.0
2;8700;PEBBLES_M;9988;11;9987;30;;;10001;11;10003;30;;;9994.5;0.0
2;8700;PEBBLES_XS;10081;11;10080;30;;;10094;11;10096;30;;;10087.5;0.0
2;8700;PEBBLES_S;10218;11;10216;30;;;10231;11;10232;30;;;10224.5;0.0
2;8700;PEBBLES_XL;9749;11;9748;30;;;9762;11;9763;30;;;9755.5;0.0
2;8800;PEBBLES_XS;10119;15;10117;22;;;10132;15;10134;22;;;10125.5;0.0
2;8800;PEBBLES_XL;9701;15;9700;22;;;9714;15;9715;22;;;9707.5;0.0
2;8800;PEBBLES_M;9997;15;9995;22;;;10010;15;10011;22;;;10003.5;0.0
2;8800;PEBBLES_S;10223;15;10222;22;;;10237;15;10238;22;;;10230.0;0.0
2;8800;PEBBLES_L;9927;15;9926;22;;;9940;15;9942;22;;;9933.5;0.0
2;8900;PEBBLES_XS;10135;11;10133;27;;;10148;11;10150;27;;;10141.5;0.0
2;8900;PEBBLES_XL;9718;11;9717;27;;;9731;11;9732;27;;;9724.5;0.0
2;8900;PEBBLES_S;10224;11;10222;27;;;10237;11;10239;27;;;10230.5;0.0
2;8900;PEBBLES_L;9912;11;9911;27;;;9925;11;9927;27;;;9918.5;0.0
2;8900;PEBBLES_M;9979;11;9977;27;;;9992;11;9993;27;;;9985.5;0.0
2;9000;PEBBLES_XS;10126;14;10125;20;;;10139;14;10141;20;;;10132.5;0.0
2;9000;PEBBLES_XL;9737;14;9735;20;;;9750;14;9751;20;;;9743.5;0.0
2;9000;PEBBLES_M;9970;14;9968;20;;;9983;14;9984;20;;;9976.5;0.0
2;9000;PEBBLES_S;10223;14;10222;20;;;10237;14;10238;20;;;10230.0;0.0
2;9000;PEBBLES_L;9911;14;9910;20;;;9924;14;9926;20;;;9917.5;0.0
2;9100;PEBBLES_XS;10119;12;10117;25;;;10125;4;10132;12;10133;25;10122.0;0.0
2;9100;PEBBLES_XL;9721;12;9720;25;;;9727;4;9734;12;9735;25;9724.0;0.0
2;9100;PEBBLES_L;9894;12;9892;25;;;9900;4;9907;12;9908;25;9897.0;0.0
2;9100;PEBBLES_M;9970;12;9968;25;;;9976;4;9983;12;9984;25;9973.0;0.0
2;9100;PEBBLES_S;10264;12;10263;25;;;10270;4;10277;12;10279;25;10267.0;0.0
2;9200;PEBBLES_XS;10116;12;10114;21;;;10129;12;10130;21;;;10122.5;0.0
2;9200;PEBBLES_XL;9685;12;9684;21;;;9698;12;9699;21;;;9691.5;0.0
2;9200;PEBBLES_M;9973;12;9972;21;;;9986;12;9988;21;;;9979.5;0.0
2;9200;PEBBLES_S;10296;12;10295;21;;;10310;12;10311;21;;;10303.0;0.0
2;9200;PEBBLES_L;9897;12;9896;21;;;9910;12;9912;21;;;9903.5;0.0
2;9300;PEBBLES_XS;10115;12;10113;23;;;10128;12;10129;23;;;10121.5;0.0
2;9300;PEBBLES_S;10324;12;10322;23;;;10337;12;10339;23;;;10330.5;0.0
2;9300;PEBBLES_XL;9679;12;9678;23;;;9692;12;9693;23;;;9685.5;0.0
2;9300;PEBBLES_L;9893;12;9892;23;;;9906;12;9908;23;;;9899.5;0.0
2;9300;PEBBLES_M;9957;12;9955;23;;;9970;12;9971;23;;;9963.5;0.0
2;9400;PEBBLES_XS;10114;10;10112;30;;;10127;10;10128;30;;;10120.5;0.0
2;9400;PEBBLES_XL;9703;10;9701;30;;;9715;10;9717;30;;;9709.0;0.0
2;9400;PEBBLES_L;9903;10;9902;30;;;9916;10;9918;30;;;9909.5;0.0
2;9400;PEBBLES_M;9943;10;9942;30;;;9956;10;9957;30;;;9949.5;0.0
2;9400;PEBBLES_S;10305;10;10303;30;;;10318;10;10320;30;;;10311.5;0.0
2;9500;PEBBLES_XS;10094;14;10092;27;;;10107;14;10109;27;;;10100.5;0.0
2;9500;PEBBLES_S;10300;14;10298;27;;;10313;14;10315;27;;;10306.5;0.0
2;9500;PEBBLES_XL;9703;14;9701;27;;;9716;14;9717;27;;;9709.5;0.0
2;9500;PEBBLES_L;9908;14;9906;27;;;9921;14;9922;27;;;9914.5;0.0
2;9500;PEBBLES_M;9963;14;9961;27;;;9976;14;9977;27;;;9969.5;0.0
2;9600;PEBBLES_M;9969;10;9967;30;;;9982;10;9983;30;;;9975.5;0.0
2;9600;PEBBLES_S;10313;10;10312;30;;;10326;10;10328;30;;;10319.5;0.0
2;9600;PEBBLES_L;9911;10;9910;30;;;9924;10;9926;30;;;9917.5;0.0
2;9600;PEBBLES_XS;10091;10;10090;30;;;10105;10;10106;30;;;10098.0;0.0
2;9600;PEBBLES_XL;9683;10;9682;30;;;9696;10;9697;30;;;9689.5;0.0
2;9700;PEBBLES_S;10320;15;10319;26;;;10334;15;10335;26;;;10327.0;0.0
2;9700;PEBBLES_L;9908;15;9906;26;;;9921;15;9922;26;;;9914.5;0.0
2;9700;PEBBLES_M;9946;15;9945;26;;;9959;15;9961;26;;;9952.5;0.0
2;9700;PEBBLES_XS;10087;15;10085;26;;;10100;15;10101;26;;;10093.5;0.0
2;9700;PEBBLES_XL;9706;15;9705;26;;;9719;15;9720;26;;;9712.5;0.0
2;9800;PEBBLES_L;9914;13;9913;29;;;9927;13;9929;29;;;9920.5;0.0
2;9800;PEBBLES_XS;10104;13;10103;29;;;10117;13;10119;29;;;10110.5;0.0
2;9800;PEBBLES_XL;9731;13;9730;29;;;9744;13;9745;29;;;9737.5;0.0
2;9800;PEBBLES_M;9922;13;9920;29;;;9934;13;9936;29;;;9928.0;0.0
2;9800;PEBBLES_S;10296;13;10295;29;;;10310;13;10311;29;;;10303.0;0.0
2;9900;PEBBLES_XS;10091;11;10090;29;;;10104;11;10106;29;;;10097.5;0.0
2;9900;PEBBLES_XL;9715;11;9713;29;;;9727;11;9729;29;;;9721.0;0.0
2;9900;PEBBLES_L;9912;11;9911;29;;;9925;11;9927;29;;;9918.5;0.0
2;9900;PEBBLES_M;9928;11;9926;29;;;9941;11;9942;29;;;9934.5;0.0
2;9900;PEBBLES_S;10322;11;10320;29;;;10335;11;10337;29;;;10328.5;0.0
2;10000;PEBBLES_XS;10078;13;10077;23;;;10092;13;10093;23;;;10085.0;0.0
2;10000;PEBBLES_XL;9654;13;9653;23;;;9667;13;9668;23;;;9660.5;0.0
2;10000;PEBBLES_M;9944;13;9942;23;;;9956;13;9958;23;;;9950.0;0.0
2;10000;PEBBLES_S;10344;13;10343;23;;;10358;13;10359;23;;;10351.0;0.0
2;10000;PEBBLES_L;9947;13;9945;23;;;9960;13;9961;23;;;9953.5;0.0
2;10100;PEBBLES_XS;10097;10;10095;22;;;10110;10;10111;22;;;10103.5;0.0
2;10100;PEBBLES_S;10325;10;10323;22;;;10338;10;10340;22;;;10331.5;0.0
2;10100;PEBBLES_XL;9636;10;9635;22;;;9649;10;9650;22;;;9642.5;0.0
2;10100;PEBBLES_L;9951;10;9950;22;;;9964;10;9966;22;;;9957.5;0.0
2;10100;PEBBLES_M;9958;10;9957;22;;;9971;10;9973;22;;;9964.5;0.0
2;10200;PEBBLES_XS;10112;11;10111;23;;;10125;11;10127;23;;;10118.5;0.0
2;10200;PEBBLES_XL;9632;11;9631;23;;;9645;11;9646;23;;;9638.5;0.0
2;10200;PEBBLES_L;9952;11;9950;23;;;9965;11;9966;23;;;9958.5;0.0
2;10200;PEBBLES_M;9951;11;9950;23;;;9964;11;9966;23;;;9957.5;0.0
2;10200;PEBBLES_S;10320;11;10319;23;;;10333;11;10335;23;;;10326.5;0.0
2;10300;PEBBLES_XS;10119;12;10118;21;;;10132;12;10134;21;;;10125.5;0.0
2;10300;PEBBLES_S;10339;12;10337;21;;;10352;12;10354;21;;;10345.5;0.0
2;10300;PEBBLES_XL;9603;12;9601;21;;;9615;12;9617;21;;;9609.0;0.0
2;10300;PEBBLES_L;9942;12;9941;21;;;9955;12;9957;21;;;9948.5;0.0
2;10300;PEBBLES_M;9965;12;9963;21;;;9978;12;9979;21;;;9971.5;0.0
2;10400;PEBBLES_XS;10135;12;10133;21;;;10148;12;10150;21;;;10141.5;0.0
2;10400;PEBBLES_XL;9620;12;9619;21;;;9633;12;9634;21;;;9626.5;0.0
2;10400;PEBBLES_M;9940;12;9939;21;;;9953;12;9954;21;;;9946.5;0.0
2;10400;PEBBLES_S;10333;12;10332;21;;;10347;12;10348;21;;;10340.0;0.0
2;10400;PEBBLES_L;9939;12;9937;21;;;9952;12;9953;21;;;9945.5;0.0
2;10500;PEBBLES_XS;10135;11;10134;29;;;10149;11;10150;29;;;10142.0;0.0
2;10500;PEBBLES_XL;9598;11;9596;29;;;9610;11;9612;29;;;9604.0;0.0
2;10500;PEBBLES_S;10351;11;10349;29;;;10364;11;10366;29;;;10357.5;0.0
2;10500;PEBBLES_L;9959;11;9958;29;;;9972;11;9974;29;;;9965.5;0.0
2;10500;PEBBLES_M;9924;11;9922;29;;;9937;11;9938;29;;;9930.5;0.0
2;10600;PEBBLES_XL;9574;11;9572;26;;;9586;11;9588;26;;;9580.0;0.0
2;10600;PEBBLES_M;9920;11;9919;26;;;9933;11;9935;26;;;9926.5;0.0
2;10600;PEBBLES_S;10344;11;10342;26;;;10357;11;10359;26;;;10350.5;0.0
2;10600;PEBBLES_L;9972;11;9970;26;;;9985;11;9986;26;;;9978.5;0.0
2;10600;PEBBLES_XS;10158;11;10156;26;;;10171;11;10172;26;;;10164.5;0.0
2;10700;PEBBLES_L;9989;13;9988;21;;;10002;13;10004;21;;;9995.5;0.0
2;10700;PEBBLES_M;9904;13;9903;21;;;9917;13;9919;21;;;9910.5;0.0
2;10700;PEBBLES_S;10354;13;10353;21;;;10368;13;10369;21;;;10361.0;0.0
2;10700;PEBBLES_XS;10166;13;10165;21;;;10179;13;10181;21;;;10172.5;0.0
2;10700;PEBBLES_XL;9554;13;9553;21;;;9566;13;9568;21;;;9560.0;0.0
2;10800;PEBBLES_M;9900;12;9899;23;;;9913;12;9914;23;;;9906.5;0.0
2;10800;PEBBLES_S;10379;12;10378;23;;;10393;12;10394;23;;;10386.0;0.0
2;10800;PEBBLES_L;9989;12;9987;23;;;10002;12;10003;23;;;9995.5;0.0
2;10800;PEBBLES_XS;10175;12;10174;23;;;10189;12;10190;23;;;10182.0;0.0
2;10800;PEBBLES_XL;9524;12;9523;23;;;9536;12;9538;23;;;9530.0;0.0
2;10900;PEBBLES_XS;10158;13;10157;30;;;10171;13;10173;30;;;10164.5;0.0
2;10900;PEBBLES_S;10382;13;10380;30;;;10395;13;10397;30;;;10388.5;0.0
2;10900;PEBBLES_XL;9549;13;9548;30;;;9562;13;9563;30;;;9555.5;0.0
2;10900;PEBBLES_L;9990;13;9988;30;;;10003;13;10004;30;;;9996.5;0.0
2;10900;PEBBLES_M;9888;13;9887;30;;;9901;13;9903;30;;;9894.5;0.0
2;11000;PEBBLES_XS;10175;11;10174;24;;;10189;11;10190;24;;;10182.0;0.0
2;11000;PEBBLES_XL;9488;11;9486;24;;;9500;11;9501;24;;;9494.0;0.0
2;11000;PEBBLES_L;10008;11;10007;24;;;10021;11;10023;24;;;10014.5;0.0
2;11000;PEBBLES_M;9919;11;9918;24;;;9932;11;9934;24;;;9925.5;0.0
2;11000;PEBBLES_S;10377;11;10376;24;;;10391;11;10392;24;;;10384.0;0.0
2;11100;PEBBLES_XS;10162;14;10160;25;;;10175;14;10176;25;;;10168.5;0.0
2;11100;PEBBLES_XL;9480;14;9478;25;;;9492;14;9493;25;;;9486.0;0.0
2;11100;PEBBLES_S;10387;14;10385;25;;;10400;14;10402;25;;;10393.5;0.0
2;11100;PEBBLES_L;10006;14;10005;25;;;10019;14;10021;25;;;10012.5;0.0
2;11100;PEBBLES_M;9934;14;9932;25;;;9947;14;9948;25;;;9940.5;0.0
2;11200;PEBBLES_XS;10172;10;10171;26;;;10186;10;10187;26;;;10179.0;0.0
2;11200;PEBBLES_XL;9470;10;9468;26;;;9482;10;9484;26;;;9476.0;0.0
2;11200;PEBBLES_M;9946;10;9945;26;;;9959;10;9961;26;;;9952.5;0.0
2;11200;PEBBLES_S;10370;10;10368;26;;;10383;10;10385;26;;;10376.5;0.0
2;11200;PEBBLES_L;10009;10;10008;26;;;10022;10;10024;26;;;10015.5;0.0
2;11300;PEBBLES_XS;10171;12;10169;29;;;10184;12;10186;29;;;10177.5;0.0
2;11300;PEBBLES_XL;9506;12;9505;29;;;9519;12;9520;29;;;9512.5;0.0
2;11300;PEBBLES_S;10369;12;10367;29;;;10382;12;10384;29;;;10375.5;0.0
2;11300;PEBBLES_L;10001;12;10000;29;;;10014;12;10016;29;;;10007.5;0.0
2;11300;PEBBLES_M;9921;12;9919;29;;;9934;12;9935;29;;;9927.5;0.0
2;11400;PEBBLES_XS;10196;15;10194;22;;;10209;15;10210;22;;;10202.5;0.0
2;11400;PEBBLES_XL;9482;15;9481;22;;;9495;15;9496;22;;;9488.5;0.0
2;11400;PEBBLES_S;10351;15;10349;22;;;10364;15;10366;22;;;10357.5;0.0
2;11400;PEBBLES_M;9905;15;9904;22;;;9918;15;9920;22;;;9911.5;0.0
2;11400;PEBBLES_L;10033;15;10032;22;;;10047;15;10048;22;;;10040.0;0.0
2;11500;PEBBLES_XS;10169;15;10167;27;;;10182;15;10183;27;;;10175.5;0.0
2;11500;PEBBLES_XL;9510;15;9508;27;;;9522;15;9523;27;;;9516.0;0.0
2;11500;PEBBLES_M;9910;15;9909;27;;;9923;15;9925;27;;;9916.5;0.0
2;11500;PEBBLES_L;10041;15;10039;27;;;10054;15;10056;27;;;10047.5;0.0
2;11500;PEBBLES_S;10338;15;10336;27;;;10351;15;10353;27;;;10344.5;0.0
2;11600;PEBBLES_XS;10179;11;10178;30;;;10192;11;10194;30;;;10185.5;0.0
2;11600;PEBBLES_XL;9517;11;9516;30;;;9530;11;9531;30;;;9523.5;0.0
2;11600;PEBBLES_S;10335;11;10334;30;;;10349;11;10350;30;;;10342.0;0.0
2;11600;PEBBLES_M;9894;11;9892;30;;;9906;11;9908;30;;;9900.0;0.0
2;11600;PEBBLES_L;10042;11;10041;30;;;10055;11;10057;30;;;10048.5;0.0
2;11700;PEBBLES_XL;9526;15;9525;22;;;9539;15;9540;22;;;9532.5;0.0
2;11700;PEBBLES_S;10343;15;10342;22;;;10357;15;10358;22;;;10350.0;0.0
2;11700;PEBBLES_M;9873;15;9872;22;;;9886;15;9887;22;;;9879.5;0.0
2;11700;PEBBLES_L;10051;15;10050;22;;;10064;15;10066;22;;;10057.5;0.0
2;11700;PEBBLES_XS;10173;15;10172;22;;;10187;15;10188;22;;;10180.0;0.0
2;11800;PEBBLES_L;10039;14;10038;25;;;10052;14;10054;25;;;10045.5;0.0
2;11800;PEBBLES_S;10340;14;10338;25;;;10353;14;10354;25;;;10346.5;0.0
2;11800;PEBBLES_M;9876;14;9875;25;;;9889;14;9891;25;;;9882.5;0.0
2;11800;PEBBLES_XS;10179;14;10177;25;;;10192;14;10193;25;;;10185.5;0.0
2;11800;PEBBLES_XL;9534;14;9532;25;;;9546;14;9548;25;;;9540.0;0.0
2;11900;PEBBLES_M;9866;11;9864;20;;;9879;11;9880;20;;;9872.5;0.0
2;11900;PEBBLES_L;10029;11;10027;20;;;10042;11;10043;20;;;10035.5;0.0
2;11900;PEBBLES_XS;10172;11;10170;20;;;10185;11;10186;20;;;10178.5;0.0
2;11900;PEBBLES_XL;9554;11;9553;20;;;9567;11;9568;20;;;9560.5;0.0
2;11900;PEBBLES_S;10347;11;10345;20;;;10360;11;10362;20;;;10353.5;0.0
2;12000;PEBBLES_XS;10164;10;10163;22;;;10177;10;10179;22;;;10170.5;0.0
2;12000;PEBBLES_XL;9560;10;9558;22;;;9572;10;9574;22;;;9566.0;0.0
2;12000;PEBBLES_S;10350;10;10349;22;;;10364;10;10365;22;;;10357.0;0.0
2;12000;PEBBLES_M;9877;10;9876;22;;;9890;10;9892;22;;;9883.5;0.0
2;12000;PEBBLES_L;10016;10;10015;22;;;10029;10;10031;22;;;10022.5;0.0
2;12100;PEBBLES_XL;9501;14;9500;24;;;9514;14;9515;24;;;9507.5;0.0
2;12100;PEBBLES_XS;10172;14;10171;24;;;10185;14;10187;24;;;10178.5;0.0
2;12100;PEBBLES_S;10349;14;10347;24;;;10362;14;10364;24;;;10355.5;0.0
2;12100;PEBBLES_M;9889;14;9887;24;;;9902;14;9903;24;;;9895.5;0.0
2;12100;PEBBLES_L;10056;14;10055;24;;;10069;14;10071;24;;;10062.5;0.0
2;12200;PEBBLES_XL;9488;13;9487;24;;;9501;13;9502;24;;;9494.5;0.0
2;12200;PEBBLES_XS;10179;13;10177;24;;;10192;13;10193;24;;;10185.5;0.0
2;12200;PEBBLES_S;10347;13;10346;24;;;10361;13;10362;24;;;10354.0;0.0
2;12200;PEBBLES_M;9903;13;9902;24;;;9916;13;9918;24;;;9909.5;0.0
2;12200;PEBBLES_L;10050;13;10048;24;;;10063;13;10065;24;;;10056.5;0.0
2;12300;PEBBLES_M;9915;11;9914;20;;;9928;11;9930;20;;;9921.5;0.0
2;12300;PEBBLES_L;10024;11;10023;20;;;10037;11;10039;20;;;10030.5;0.0
2;12300;PEBBLES_XL;9547;11;9546;20;;;9560;11;9561;20;;;9553.5;0.0
2;12300;PEBBLES_XS;10128;11;10126;20;;;10141;11;10143;20;;;10134.5;0.0
2;12300;PEBBLES_S;10353;11;10351;20;;;10366;11;10368;20;;;10359.5;0.0
2;12400;PEBBLES_S;10327;14;10325;28;;;10340;14;10342;28;;;10333.5;0.0
2;12400;PEBBLES_XL;9603;14;9602;28;;;9616;14;9617;28;;;9609.5;0.0
2;12400;PEBBLES_M;9901;14;9899;28;;;9914;14;9915;28;;;9907.5;0.0
2;12400;PEBBLES_XS;10093;14;10091;28;;;10106;14;10108;28;;;10099.5;0.0
2;12400;PEBBLES_L;10044;14;10042;28;;;10057;14;10058;28;;;10050.5;0.0
2;12500;PEBBLES_S;10333;15;10332;22;;;10347;15;10348;22;;;10340.0;0.0
2;12500;PEBBLES_M;9887;15;9886;22;;;9900;15;9902;22;;;9893.5;0.0
2;12500;PEBBLES_L;10034;15;10032;22;;;10047;15;10049;22;;;10040.5;0.0
2;12500;PEBBLES_XL;9632;15;9631;22;;;9645;15;9646;22;;;9638.5;0.0
2;12500;PEBBLES_XS;10081;15;10079;22;;;10094;15;10095;22;;;10087.5;0.0
2;12600;PEBBLES_L;10028;11;10027;28;;;10041;11;10043;28;;;10034.5;0.0
2;12600;PEBBLES_S;10314;11;10313;28;;;10328;11;10329;28;;;10321.0;0.0
2;12600;PEBBLES_M;9890;11;9889;28;;;9903;11;9905;28;;;9896.5;0.0
2;12600;PEBBLES_XL;9667;11;9666;28;;;9680;11;9681;28;;;9673.5;0.0
2;12600;PEBBLES_XS;10067;11;10066;28;;;10080;11;10082;28;;;10073.5;0.0
2;12700;PEBBLES_S;10285;15;10284;23;;;10299;15;10300;23;;;10292.0;0.0
2;12700;PEBBLES_M;9914;15;9913;23;;;9927;15;9929;23;;;9920.5;0.0
2;12700;PEBBLES_L;10044;15;10043;23;;;10057;15;10059;23;;;10050.5;0.0
2;12700;PEBBLES_XL;9659;15;9657;23;;;9671;15;9673;23;;;9665.0;0.0
2;12700;PEBBLES_XS;10065;15;10063;23;;;10078;15;10079;23;;;10071.5;0.0
2;12800;PEBBLES_S;10313;15;10312;23;;;10327;15;10328;23;;;10320.0;0.0
2;12800;PEBBLES_XL;9655;15;9653;23;;;9667;15;9669;23;;;9661.0;0.0
2;12800;PEBBLES_M;9899;15;9898;23;;;9912;15;9914;23;;;9905.5;0.0
2;12800;PEBBLES_L;10041;15;10040;23;;;10055;15;10056;23;;;10048.0;0.0
2;12800;PEBBLES_XS;10059;15;10057;23;;;10072;15;10073;23;;;10065.5;0.0
2;12900;PEBBLES_XL;9644;14;9642;29;;;9656;14;9658;29;;;9650.0;0.0
2;12900;PEBBLES_XS;10044;14;10043;29;;;10057;14;10059;29;;;10050.5;0.0
2;12900;PEBBLES_S;10333;14;10331;29;;;10346;14;10348;29;;;10339.5;0.0
2;12900;PEBBLES_M;9904;14;9903;29;;;9917;14;9919;29;;;9910.5;0.0
2;12900;PEBBLES_L;10042;14;10041;29;;;10055;14;10057;29;;;10048.5;0.0
2;13000;PEBBLES_L;10059;13;10057;25;;;10072;13;10073;25;;;10065.5;0.0
2;13000;PEBBLES_XL;9613;13;9611;25;;;9625;13;9627;25;;;9619.0;0.0
2;13000;PEBBLES_XS;10024;13;10023;25;;;10037;13;10039;25;;;10030.5;0.0
2;13000;PEBBLES_S;10348;13;10346;25;;;10361;13;10363;25;;;10354.5;0.0
2;13000;PEBBLES_M;9924;13;9923;25;;;9937;13;9939;25;;;9930.5;0.0
2;13100;PEBBLES_XL;9628;15;9627;24;;;9641;15;9642;24;;;9634.5;0.0
2;13100;PEBBLES_XS;10033;15;10032;24;;;10046;15;10048;24;;;10039.5;0.0
2;13100;PEBBLES_M;9935;15;9934;24;;;9948;15;9949;24;;;9941.5;0.0
2;13100;PEBBLES_L;10050;15;10049;24;;;10063;15;10065;24;;;10056.5;0.0
2;13100;PEBBLES_S;10321;15;10319;24;;;10334;15;10336;24;;;10327.5;0.0
2;13200;PEBBLES_XL;9613;12;9612;20;;;9626;12;9627;20;;;9619.5;0.0
2;13200;PEBBLES_XS;10050;12;10048;20;;;10063;12;10064;20;;;10056.5;0.0
2;13200;PEBBLES_S;10327;12;10325;20;;;10340;12;10342;20;;;10333.5;0.0
2;13200;PEBBLES_M;9909;12;9908;20;;;9922;12;9924;20;;;9915.5;0.0
2;13200;PEBBLES_L;10068;12;10067;20;;;10081;12;10083;20;;;10074.5;0.0
2;13300;PEBBLES_XL;9572;15;9571;29;;;9585;15;9586;29;;;9578.5;0.0
2;13300;PEBBLES_S;10337;15;10335;29;;;10350;15;10352;29;;;10343.5;0.0
2;13300;PEBBLES_XS;10067;15;10065;29;;;10080;15;10081;29;;;10073.5;0.0
2;13300;PEBBLES_M;9912;15;9910;29;;;9925;15;9926;29;;;9918.5;0.0
2;13300;PEBBLES_L;10080;15;10079;29;;;10093;15;10095;29;;;10086.5;0.0
2;13400;PEBBLES_L;10092;12;10091;29;;;10105;12;10107;29;;;10098.5;0.0
2;13400;PEBBLES_XL;9644;12;9643;29;;;9657;12;9658;29;;;9650.5;0.0
2;13400;PEBBLES_XS;10060;12;10059;29;;;10073;12;10075;29;;;10066.5;0.0
2;13400;PEBBLES_S;10297;12;10295;29;;;10310;12;10311;29;;;10303.5;0.0
2;13400;PEBBLES_M;9875;12;9873;29;;;9888;12;9889;29;;;9881.5;0.0
2;13500;PEBBLES_S;10305;15;10303;21;;;10318;15;10320;21;;;10311.5;0.0
2;13500;PEBBLES_M;9868;15;9866;21;;;9881;15;9882;21;;;9874.5;0.0
2;13500;PEBBLES_L;10102;15;10101;21;;;10115;15;10117;21;;;10108.5;0.0
2;13500;PEBBLES_XL;9654;15;9653;21;;;9667;15;9668;21;;;9660.5;0.0
2;13500;PEBBLES_XS;10038;15;10037;21;;;10051;15;10053;21;;;10044.5;0.0
2;13600;PEBBLES_S;10296;11;10295;30;;;10310;11;10311;30;;;10303.0;0.0
2;13600;PEBBLES_M;9854;11;9852;30;;;9867;11;9868;30;;;9860.5;0.0
2;13600;PEBBLES_L;10116;11;10114;30;;;10129;11;10131;30;;;10122.5;0.0
2;13600;PEBBLES_XL;9679;11;9677;30;;;9691;11;9693;30;;;9685.0;0.0
2;13600;PEBBLES_XS;10023;11;10021;30;;;10036;11;10037;30;;;10029.5;0.0
2;13700;PEBBLES_S;10323;10;10321;29;;;10336;10;10338;29;;;10329.5;0.0
2;13700;PEBBLES_M;9871;10;9869;29;;;9884;10;9885;29;;;9877.5;0.0
2;13700;PEBBLES_L;10124;10;10123;29;;;10138;10;10139;29;;;10131.0;0.0
2;13700;PEBBLES_XL;9658;10;9657;29;;;9671;10;9672;29;;;9664.5;0.0
2;13700;PEBBLES_XS;9991;10;9990;29;;;10004;10;10006;29;;;9997.5;0.0
2;13800;PEBBLES_XS;10010;12;10008;26;;;10023;12;10024;26;;;10016.5;0.0
2;13800;PEBBLES_S;10332;12;10331;26;;;10346;12;10347;26;;;10339.0;0.0
2;13800;PEBBLES_M;9880;12;9878;26;;;9893;12;9894;26;;;9886.5;0.0
2;13800;PEBBLES_L;10134;12;10133;26;;;10148;12;10149;26;;;10141.0;0.0
2;13800;PEBBLES_XL;9611;12;9610;26;;;9624;12;9625;26;;;9617.5;0.0
2;13900;PEBBLES_M;9858;12;9857;20;;;9871;12;9873;20;;;9864.5;0.0
2;13900;PEBBLES_L;10157;12;10156;20;;;10171;12;10172;20;;;10164.0;0.0
2;13900;PEBBLES_XL;9649;12;9648;20;;;9662;12;9663;20;;;9655.5;0.0
2;13900;PEBBLES_XS;9998;12;9996;20;;;10011;12;10012;20;;;10004.5;0.0
2;13900;PEBBLES_S;10305;12;10303;20;;;10318;12;10320;20;;;10311.5;0.0
2;14000;PEBBLES_S;10317;15;10315;28;;;10330;15;10332;28;;;10323.5;0.0
2;14000;PEBBLES_XL;9631;15;9630;28;;;9644;15;9645;28;;;9637.5;0.0
2;14000;PEBBLES_M;9854;15;9852;28;;;9866;15;9868;28;;;9860.0;0.0
2;14000;PEBBLES_L;10145;15;10143;28;;;10158;15;10160;28;;;10151.5;0.0
2;14000;PEBBLES_XS;10021;15;10019;28;;;10034;15;10035;28;;;10027.5;0.0
2;14100;PEBBLES_XL;9621;14;9619;27;;;9633;14;9635;27;;;9627.0;0.0
2;14100;PEBBLES_XS;10012;14;10010;27;;;10025;14;10026;27;;;10018.5;0.0
2;14100;PEBBLES_S;10321;14;10319;27;;;10334;14;10336;27;;;10327.5;0.0
2;14100;PEBBLES_M;9867;14;9866;27;;;9880;14;9881;27;;;9873.5;0.0
2;14100;PEBBLES_L;10147;14;10146;27;;;10160;14;10162;27;;;10153.5;0.0
2;14200;PEBBLES_XL;9593;15;9591;26;;;9605;15;9607;26;;;9599.0;0.0
2;14200;PEBBLES_XS;10020;15;10018;26;;;10033;15;10034;26;;;10026.5;0.0
2;14200;PEBBLES_L;10152;15;10150;26;;;10165;15;10167;26;;;10158.5;0.0
2;14200;PEBBLES_S;10329;15;10327;26;;;10342;15;10344;26;;;10335.5;0.0
2;14200;PEBBLES_M;9874;15;9872;26;;;9887;15;9888;26;;;9880.5;0.0
2;14300;PEBBLES_XL;9619;13;9617;30;;;9631;13;9633;30;;;9625.0;0.0
2;14300;PEBBLES_XS;10018;13;10017;30;;;10031;13;10033;30;;;10024.5;0.0
2;14300;PEBBLES_S;10307;13;10305;30;;;10320;13;10322;30;;;10313.5;0.0
2;14300;PEBBLES_M;9864;13;9863;30;;;9877;13;9879;30;;;9870.5;0.0
2;14300;PEBBLES_L;10159;13;10158;30;;;10173;13;10174;30;;;10166.0;0.0
2;14400;PEBBLES_S;10308;10;10307;26;;;10322;10;10323;26;;;10315.0;0.0
2;14400;PEBBLES_XL;9624;10;9623;26;;;9637;10;9638;26;;;9630.5;0.0
2;14400;PEBBLES_M;9846;10;9844;26;;;9859;10;9860;26;;;9852.5;0.0
2;14400;PEBBLES_XS;10011;10;10010;26;;;10024;10;10026;26;;;10017.5;0.0
2;14400;PEBBLES_L;10178;10;10176;26;;;10191;10;10193;26;;;10184.5;0.0
2;14500;PEBBLES_XL;9617;10;9616;20;;;9630;10;9631;20;;;9623.5;0.0
2;14500;PEBBLES_S;10311;10;10310;20;;;10325;10;10326;20;;;10318.0;0.0
2;14500;PEBBLES_XS;10000;10;9998;20;;;10013;10;10014;20;;;10006.5;0.0
2;14500;PEBBLES_M;9851;10;9849;20;;;9863;10;9865;20;;;9857.0;0.0
2;14500;PEBBLES_L;10188;10;10187;20;;;10201;10;10203;20;;;10194.5;0.0
2;14600;PEBBLES_S;10306;15;10304;22;;;10319;15;10320;22;;;10312.5;0.0
2;14600;PEBBLES_M;9844;15;9842;22;;;9856;15;9858;22;;;9850.0;0.0
2;14600;PEBBLES_L;10216;15;10214;22;;;10229;15;10230;22;;;10222.5;0.0
2;14600;PEBBLES_XL;9607;15;9605;22;;;9619;15;9621;22;;;9613.0;0.0
2;14600;PEBBLES_XS;9996;15;9995;22;;;10009;15;10011;22;;;10002.5;0.0
2;14700;PEBBLES_M;9845;4;9839;12;9837;26;9852;12;9853;26;;;9848.5;0.0
2;14700;PEBBLES_L;10230;4;10224;12;10222;26;10237;12;10239;26;;;10233.5;0.0
2;14700;PEBBLES_S;10308;4;10302;12;10300;26;10315;12;10317;26;;;10311.5;0.0
2;14700;PEBBLES_XL;9595;4;9590;12;9588;26;9602;12;9603;26;;;9598.5;0.0
2;14700;PEBBLES_XS;10019;4;10013;12;10012;26;10026;12;10028;26;;;10022.5;0.0
2;14800;PEBBLES_S;10296;14;10294;23;;;10309;14;10311;23;;;10302.5;0.0
2;14800;PEBBLES_M;9854;14;9852;23;;;9867;14;9868;23;;;9860.5;0.0
2;14800;PEBBLES_L;10250;14;10248;23;;;10263;14;10265;23;;;10256.5;0.0
2;14800;PEBBLES_XL;9535;14;9534;23;;;9547;14;9549;23;;;9541.0;0.0
2;14800;PEBBLES_XS;10033;14;10031;23;;;10046;14;10047;23;;;10039.5;0.0
2;14900;PEBBLES_XS;10029;13;10028;20;;;10042;13;10044;20;;;10035.5;0.0
2;14900;PEBBLES_S;10287;13;10285;20;;;10300;13;10302;20;;;10293.5;0.0
2;14900;PEBBLES_M;9832;13;9830;20;;;9844;13;9846;20;;;9838.0;0.0
2;14900;PEBBLES_L;10263;13;10262;20;;;10277;13;10278;20;;;10270.0;0.0
2;14900;PEBBLES_XL;9557;13;9555;20;;;9569;13;9570;20;;;9563.0;0.0
2;15000;PEBBLES_L;10263;13;10261;25;;;10276;13;10278;25;;;10269.5;0.0
2;15000;PEBBLES_XL;9545;13;9544;25;;;9558;13;9559;25;;;9551.5;0.0
2;15000;PEBBLES_XS;10022;13;10021;25;;;10035;13;10037;25;;;10028.5;0.0
2;15000;PEBBLES_S;10294;13;10292;25;;;10307;13;10309;25;;;10300.5;0.0
2;15000;PEBBLES_M;9844;13;9842;25;;;9856;13;9858;25;;;9850.0;0.0
2;15100;PEBBLES_M;9858;11;9857;26;;;9871;11;9873;26;;;9864.5;0.0
2;15100;PEBBLES_L;10251;11;10249;26;;;10264;11;10266;26;;;10257.5;0.0
2;15100;PEBBLES_XL;9534;11;9532;26;;;9546;11;9548;26;;;9540.0;0.0
2;15100;PEBBLES_XS;10022;11;10020;26;;;10035;11;10036;26;;;10028.5;0.0
2;15100;PEBBLES_S;10303;11;10302;26;;;10316;11;10318;26;;;10309.5;0.0
2;15200;PEBBLES_XL;9517;10;9515;25;;;9529;10;9530;25;;;9523.0;0.0
2;15200;PEBBLES_XS;10048;10;10046;25;;;10061;10;10062;25;;;10054.5;0.0
2;15200;PEBBLES_S;10308;10;10306;25;;;10321;10;10322;25;;;10314.5;0.0
2;15200;PEBBLES_M;9839;10;9837;25;;;9852;10;9853;25;;;9845.5;0.0
2;15200;PEBBLES_L;10257;10;10255;25;;;10270;10;10272;25;;;10263.5;0.0
2;15300;PEBBLES_XL;9498;11;9497;24;;;9511;11;9512;24;;;9504.5;0.0
2;15300;PEBBLES_XS;10046;11;10045;24;;;10059;11;10061;24;;;10052.5;0.0
2;15300;PEBBLES_S;10304;11;10303;24;;;10317;11;10319;24;;;10310.5;0.0
2;15300;PEBBLES_M;9845;11;9844;24;;;9858;11;9860;24;;;9851.5;0.0
2;15300;PEBBLES_L;10274;11;10272;24;;;10287;11;10289;24;;;10280.5;0.0
2;15400;PEBBLES_XL;9496;14;9495;23;;;9508;14;9510;23;;;9502.0;0.0
2;15400;PEBBLES_XS;10042;14;10041;23;;;10055;14;10057;23;;;10048.5;0.0
2;15400;PEBBLES_S;10304;14;10303;23;;;10318;14;10319;23;;;10311.0;0.0
2;15400;PEBBLES_M;9830;14;9829;23;;;9843;14;9845;23;;;9836.5;0.0
2;15400;PEBBLES_L;10295;14;10293;23;;;10308;14;10310;23;;;10301.5;0.0
2;15500;PEBBLES_M;9822;10;9820;22;;;9835;10;9836;22;;;9828.5;0.0
2;15500;PEBBLES_L;10280;10;10279;22;;;10294;10;10295;22;;;10287.0;0.0
2;15500;PEBBLES_XL;9516;10;9515;22;;;9529;10;9530;22;;;9522.5;0.0
2;15500;PEBBLES_XS;10047;10;10045;22;;;10060;10;10061;22;;;10053.5;0.0
2;15500;PEBBLES_S;10302;10;10301;22;;;10316;10;10317;22;;;10309.0;0.0
2;15600;PEBBLES_XL;9545;11;9544;23;;;9558;11;9559;23;;;9551.5;0.0
2;15600;PEBBLES_S;10273;11;10271;23;;;10286;11;10288;23;;;10279.5;0.0
2;15600;PEBBLES_M;9809;11;9807;23;;;9822;11;9823;23;;;9815.5;0.0
2;15600;PEBBLES_L;10277;11;10275;23;;;10290;11;10292;23;;;10283.5;0.0
2;15600;PEBBLES_XS;10064;11;10063;23;;;10077;11;10079;23;;;10070.5;0.0
2;15700;PEBBLES_S;10289;15;10288;20;;;10302;15;10304;20;;;10295.5;0.0
2;15700;PEBBLES_M;9843;15;9841;20;;;9856;15;9857;20;;;9849.5;0.0
2;15700;PEBBLES_L;10272;15;10271;20;;;10286;15;10287;20;;;10279.0;0.0
2;15700;PEBBLES_XL;9500;15;9499;20;;;9513;15;9514;20;;;9506.5;0.0
2;15700;PEBBLES_XS;10063;15;10062;20;;;10076;15;10078;20;;;10069.5;0.0
2;15800;PEBBLES_L;10284;15;10282;23;;;10297;15;10299;23;;;10290.5;0.0
2;15800;PEBBLES_S;10289;15;10288;23;;;10303;15;10304;23;;;10296.0;0.0
2;15800;PEBBLES_M;9846;15;9844;23;;;9859;15;9860;23;;;9852.5;0.0
2;15800;PEBBLES_XL;9479;15;9477;23;;;9491;15;9493;23;;;9485.0;0.0
2;15800;PEBBLES_XS;10070;15;10068;23;;;10083;15;10085;23;;;10076.5;0.0
2;15900;PEBBLES_S;10296;10;10294;30;;;10309;10;10311;30;;;10302.5;0.0
2;15900;PEBBLES_L;10277;10;10276;30;;;10290;10;10292;30;;;10283.5;0.0
2;15900;PEBBLES_M;9875;10;9874;30;;;9888;10;9890;30;;;9881.5;0.0
2;15900;PEBBLES_XL;9446;10;9444;30;;;9458;10;9459;30;;;9452.0;0.0
2;15900;PEBBLES_XS;10073;10;10072;30;;;10087;10;10088;30;;;10080.0;0.0
2;16000;PEBBLES_XL;9443;10;9441;23;;;9455;10;9457;23;;;9449.0;0.0
2;16000;PEBBLES_XS;10082;10;10081;23;;;10095;10;10097;23;;;10088.5;0.0
2;16000;PEBBLES_L;10282;10;10280;23;;;10295;10;10297;23;;;10288.5;0.0
2;16000;PEBBLES_M;9875;10;9873;23;;;9888;10;9889;23;;;9881.5;0.0
2;16000;PEBBLES_S;10286;10;10284;23;;;10299;10;10301;23;;;10292.5;0.0
2;16100;PEBBLES_L;10305;13;10304;25;;;10319;13;10320;25;;;10312.0;0.0
2;16100;PEBBLES_M;9872;13;9871;25;;;9885;13;9886;25;;;9878.5;0.0
2;16100;PEBBLES_S;10288;13;10286;25;;;10301;13;10303;25;;;10294.5;0.0
2;16100;PEBBLES_XL;9411;13;9409;25;;;9423;13;9425;25;;;9417.0;0.0
2;16100;PEBBLES_XS;10091;13;10090;25;;;10104;13;10106;25;;;10097.5;0.0
2;16200;PEBBLES_L;10298;12;10296;21;;;10311;12;10313;21;;;10304.5;0.0
2;16200;PEBBLES_XL;9452;12;9451;21;;;9464;12;9466;21;;;9458.0;0.0
2;16200;PEBBLES_XS;10078;12;10077;21;;;10091;12;10093;21;;;10084.5;0.0
2;16200;PEBBLES_M;9855;12;9853;21;;;9867;12;9869;21;;;9861.0;0.0
2;16200;PEBBLES_S;10285;12;10283;21;;;10298;12;10300;21;;;10291.5;0.0
2;16300;PEBBLES_XL;9414;13;9413;22;;;9426;13;9428;22;;;9420.0;0.0
2;16300;PEBBLES_XS;10103;13;10102;22;;;10116;13;10118;22;;;10109.5;0.0
2;16300;PEBBLES_S;10292;13;10291;22;;;10306;13;10307;22;;;10299.0;0.0
2;16300;PEBBLES_L;10307;13;10306;22;;;10321;13;10322;22;;;10314.0;0.0
2;16300;PEBBLES_M;9850;13;9849;22;;;9863;13;9865;22;;;9856.5;0.0
2;16400;PEBBLES_XL;9409;13;9408;26;;;9421;13;9423;26;;;9415.0;0.0
2;16400;PEBBLES_XS;10113;13;10111;26;;;10126;13;10128;26;;;10119.5;0.0
2;16400;PEBBLES_L;10303;13;10302;26;;;10317;13;10318;26;;;10310.0;0.0
2;16400;PEBBLES_M;9839;13;9838;26;;;9852;13;9853;26;;;9845.5;0.0
2;16400;PEBBLES_S;10303;13;10302;26;;;10317;13;10318;26;;;10310.0;0.0
2;16500;PEBBLES_XL;9484;15;9482;22;;;9496;15;9497;22;;;9490.0;0.0
2;16500;PEBBLES_XS;10125;15;10123;22;;;10138;15;10140;22;;;10131.5;0.0
2;16500;PEBBLES_L;10259;15;10257;22;;;10272;15;10274;22;;;10265.5;0.0
2;16500;PEBBLES_M;9799;15;9797;22;;;9811;15;9813;22;;;9805.0;0.0
2;16500;PEBBLES_S;10301;15;10300;22;;;10315;15;10316;22;;;10308.0;0.0
2;16600;PEBBLES_M;9811;15;9809;27;;;9823;15;9825;27;;;9817.0;0.0
2;16600;PEBBLES_S;10298;15;10296;27;;;10311;15;10313;27;;;10304.5;0.0
2;16600;PEBBLES_XL;9459;15;9457;27;;;9471;15;9473;27;;;9465.0;0.0
2;16600;PEBBLES_XS;10151;15;10150;27;;;10165;15;10166;27;;;10158.0;0.0
2;16600;PEBBLES_L;10249;15;10247;27;;;10262;15;10264;27;;;10255.5;0.0
2;16700;PEBBLES_S;10304;13;10303;30;;;10317;13;10319;30;;;10310.5;0.0
2;16700;PEBBLES_L;10272;13;10271;30;;;10286;13;10287;30;;;10279.0;0.0
2;16700;PEBBLES_M;9804;13;9802;30;;;9817;13;9818;30;;;9810.5;0.0
2;16700;PEBBLES_XL;9439;13;9438;30;;;9452;13;9453;30;;;9445.5;0.0
2;16700;PEBBLES_XS;10148;13;10146;30;;;10161;13;10163;30;;;10154.5;0.0
2;16800;PEBBLES_L;10269;10;10268;26;;;10283;10;10284;26;;;10276.0;0.0
2;16800;PEBBLES_M;9808;10;9806;26;;;9820;10;9822;26;;;9814.0;0.0
2;16800;PEBBLES_S;10302;10;10300;26;;;10315;10;10317;26;;;10308.5;0.0
2;16800;PEBBLES_XL;9425;10;9424;26;;;9438;10;9439;26;;;9431.5;0.0
2;16800;PEBBLES_XS;10164;10;10162;26;;;10177;10;10179;26;;;10170.5;0.0
2;16900;PEBBLES_L;10281;14;10280;23;;;10295;14;10296;23;;;10288.0;0.0
2;16900;PEBBLES_M;9801;14;9800;23;;;9814;14;9816;23;;;9807.5;0.0
2;16900;PEBBLES_S;10329;14;10327;23;;;10342;14;10344;23;;;10335.5;0.0
2;16900;PEBBLES_XL;9411;14;9410;23;;;9423;14;9425;23;;;9417.0;0.0
2;16900;PEBBLES_XS;10145;14;10143;23;;;10158;14;10159;23;;;10151.5;0.0
2;17000;PEBBLES_XS;10124;11;10122;27;;;10137;11;10139;27;;;10130.5;0.0
2;17000;PEBBLES_M;9820;11;9818;27;;;9832;11;9834;27;;;9826.0;0.0
2;17000;PEBBLES_S;10316;11;10315;27;;;10330;11;10331;27;;;10323.0;0.0
2;17000;PEBBLES_L;10288;11;10287;27;;;10302;11;10303;27;;;10295.0;0.0
2;17000;PEBBLES_XL;9419;11;9418;27;;;9432;11;9433;27;;;9425.5;0.0
2;17100;PEBBLES_S;10300;12;10298;25;;;10313;12;10315;25;;;10306.5;0.0
2;17100;PEBBLES_XL;9401;12;9399;25;;;9413;12;9415;25;;;9407.0;0.0
2;17100;PEBBLES_XS;10132;12;10130;25;;;10145;12;10147;25;;;10138.5;0.0
2;17100;PEBBLES_L;10298;12;10296;25;;;10311;12;10313;25;;;10304.5;0.0
2;17100;PEBBLES_M;9837;12;9836;25;;;9850;12;9852;25;;;9843.5;0.0
2;17200;PEBBLES_L;10298;13;10297;24;;;10311;13;10313;24;;;10304.5;0.0
2;17200;PEBBLES_M;9846;13;9844;24;;;9859;13;9860;24;;;9852.5;0.0
2;17200;PEBBLES_S;10293;13;10292;24;;;10307;13;10308;24;;;10300.0;0.0
2;17200;PEBBLES_XL;9407;13;9406;24;;;9420;13;9421;24;;;9413.5;0.0
2;17200;PEBBLES_XS;10123;13;10121;24;;;10136;13;10138;24;;;10129.5;0.0
2;17300;PEBBLES_XL;9422;12;9420;29;;;9434;12;9435;29;;;9428.0;0.0
2;17300;PEBBLES_XS;10116;12;10115;29;;;10129;12;10131;29;;;10122.5;0.0
2;17300;PEBBLES_L;10274;12;10273;29;;;10288;12;10289;29;;;10281.0;0.0
2;17300;PEBBLES_M;9864;12;9862;29;;;9876;12;9878;29;;;9870.0;0.0
2;17300;PEBBLES_S;10292;12;10290;29;;;10305;12;10307;29;;;10298.5;0.0
2;17400;PEBBLES_XL;9437;11;9435;21;;;9449;11;9450;21;;;9443.0;0.0
2;17400;PEBBLES_XS;10085;11;10083;21;;;10098;11;10100;21;;;10091.5;0.0
2;17400;PEBBLES_M;9866;11;9865;21;;;9879;11;9881;21;;;9872.5;0.0
2;17400;PEBBLES_S;10299;11;10298;21;;;10313;11;10314;21;;;10306.0;0.0
2;17400;PEBBLES_L;10280;11;10278;21;;;10293;11;10295;21;;;10286.5;0.0
2;17500;PEBBLES_XL;9425;11;9424;27;;;9437;11;9439;27;;;9431.0;0.0
2;17500;PEBBLES_XS;10074;11;10073;27;;;10087;11;10089;27;;;10080.5;0.0
2;17500;PEBBLES_S;10306;11;10305;27;;;10320;11;10321;27;;;10313.0;0.0
2;17500;PEBBLES_L;10302;11;10300;27;;;10315;11;10317;27;;;10308.5;0.0
2;17500;PEBBLES_M;9860;11;9858;27;;;9873;11;9874;27;;;9866.5;0.0
2;17600;PEBBLES_XL;9399;14;9397;25;;;9411;14;9413;25;;;9405.0;0.0
2;17600;PEBBLES_XS;10075;14;10074;25;;;10088;14;10090;25;;;10081.5;0.0
2;17600;PEBBLES_L;10308;14;10306;25;;;10321;14;10323;25;;;10314.5;0.0
2;17600;PEBBLES_M;9856;14;9855;25;;;9869;14;9871;25;;;9862.5;0.0
2;17600;PEBBLES_S;10329;14;10328;25;;;10343;14;10344;25;;;10336.0;0.0
2;17700;PEBBLES_L;10294;10;10293;24;;;10308;10;10309;24;;;10301.0;0.0
2;17700;PEBBLES_M;9856;10;9855;24;;;9869;10;9871;24;;;9862.5;0.0
2;17700;PEBBLES_XL;9371;10;9369;24;;;9383;10;9384;24;;;9377.0;0.0
2;17700;PEBBLES_S;10345;10;10344;24;;;10359;10;10360;24;;;10352.0;0.0
2;17700;PEBBLES_XS;10101;10;10099;24;;;10114;10;10116;24;;;10107.5;0.0
2;17800;PEBBLES_M;9827;10;9826;23;;;9840;10;9841;23;;;9833.5;0.0
2;17800;PEBBLES_S;10330;10;10328;23;;;10343;10;10345;23;;;10336.5;0.0
2;17800;PEBBLES_L;10267;10;10266;23;;;10281;10;10282;23;;;10274.0;0.0
2;17800;PEBBLES_XL;9437;10;9436;23;;;9450;10;9451;23;;;9443.5;0.0
2;17800;PEBBLES_XS;10106;10;10105;23;;;10119;10;10121;23;;;10112.5;0.0
2;17900;PEBBLES_S;10352;11;10351;22;;;10366;11;10367;22;;;10359.0;0.0
2;17900;PEBBLES_L;10298;11;10297;22;;;10312;11;10313;22;;;10305.0;0.0
2;17900;PEBBLES_M;9867;11;9865;22;;;9880;11;9881;22;;;9873.5;0.0
2;17900;PEBBLES_XL;9356;11;9355;22;;;9369;11;9370;22;;;9362.5;0.0
2;17900;PEBBLES_XS;10094;11;10092;22;;;10107;11;10108;22;;;10100.5;0.0
2;18000;PEBBLES_L;10304;15;10303;23;;;10318;15;10319;23;;;10311.0;0.0
2;18000;PEBBLES_M;9888;15;9887;23;;;9901;15;9903;23;;;9894.5;0.0
2;18000;PEBBLES_S;10341;15;10339;23;;;10354;15;10356;23;;;10347.5;0.0
2;18000;PEBBLES_XL;9316;15;9314;23;;;9328;15;9329;23;;;9322.0;0.0
2;18000;PEBBLES_XS;10118;15;10117;23;;;10131;15;10133;23;;;10124.5;0.0
2;18100;PEBBLES_XS;10137;11;10136;30;;;10151;11;10152;30;;;10144.0;0.0
2;18100;PEBBLES_L;10307;11;10306;30;;;10321;11;10322;30;;;10314.0;0.0
2;18100;PEBBLES_M;9876;11;9874;30;;;9889;11;9890;30;;;9882.5;0.0
2;18100;PEBBLES_S;10344;11;10342;30;;;10357;11;10359;30;;;10350.5;0.0
2;18100;PEBBLES_XL;9303;11;9302;30;;;9315;11;9317;30;;;9309.0;0.0
2;18200;PEBBLES_M;9874;10;9872;28;;;9887;10;9888;28;;;9880.5;0.0
2;18200;PEBBLES_S;10359;10;10358;28;;;10373;10;10374;28;;;10366.0;0.0
2;18200;PEBBLES_XL;9271;10;9270;28;;;9283;10;9285;28;;;9277.0;0.0
2;18200;PEBBLES_XS;10144;10;10142;28;;;10157;10;10159;28;;;10150.5;0.0
2;18200;PEBBLES_L;10320;10;10318;28;;;10333;10;10334;28;;;10326.5;0.0
2;18300;PEBBLES_L;10302;11;10300;28;;;10315;11;10317;28;;;10308.5;0.0
2;18300;PEBBLES_M;9866;11;9864;28;;;9878;11;9880;28;;;9872.0;0.0
2;18300;PEBBLES_XL;9294;11;9293;28;;;9306;11;9308;28;;;9300.0;0.0
2;18300;PEBBLES_XS;10141;11;10140;28;;;10154;11;10156;28;;;10147.5;0.0
2;18300;PEBBLES_S;10365;11;10363;28;;;10378;11;10380;28;;;10371.5;0.0
2;18400;PEBBLES_XL;9293;10;9292;22;;;9305;10;9307;22;;;9299.0;0.0
2;18400;PEBBLES_XS;10145;10;10143;22;;;10158;10;10159;22;;;10151.5;0.0
2;18400;PEBBLES_L;10283;10;10281;22;;;10296;10;10298;22;;;10289.5;0.0
2;18400;PEBBLES_M;9858;10;9856;22;;;9871;10;9872;22;;;9864.5;0.0
2;18400;PEBBLES_S;10389;10;10387;22;;;10403;10;10404;22;;;10396.0;0.0
2;18500;PEBBLES_XL;9307;11;9305;25;;;9319;11;9320;25;;;9313.0;0.0
2;18500;PEBBLES_XS;10157;11;10155;25;;;10170;11;10171;25;;;10163.5;0.0
2;18500;PEBBLES_L;10276;11;10275;25;;;10290;11;10291;25;;;10283.0;0.0
2;18500;PEBBLES_M;9854;11;9852;25;;;9867;11;9868;25;;;9860.5;0.0
2;18500;PEBBLES_S;10374;11;10373;25;;;10388;11;10389;25;;;10381.0;0.0
2;18600;PEBBLES_XL;9312;11;9310;25;;;9324;11;9325;25;;;9318.0;0.0
2;18600;PEBBLES_XS;10154;11;10153;25;;;10167;11;10169;25;;;10160.5;0.0
2;18600;PEBBLES_M;9868;11;9866;25;;;9881;11;9882;25;;;9874.5;0.0
2;18600;PEBBLES_S;10369;11;10367;25;;;10382;11;10384;25;;;10375.5;0.0
2;18600;PEBBLES_L;10265;11;10263;25;;;10278;11;10280;25;;;10271.5;0.0
2;18700;PEBBLES_S;10381;13;10379;20;;;10394;13;10396;20;;;10387.5;0.0
2;18700;PEBBLES_XL;9349;13;9347;20;;;9361;13;9362;20;;;9355.0;0.0
2;18700;PEBBLES_XS;10135;13;10134;20;;;10148;13;10150;20;;;10141.5;0.0
2;18700;PEBBLES_L;10243;13;10241;20;;;10256;13;10257;20;;;10249.5;0.0
2;18700;PEBBLES_M;9860;13;9859;20;;;9873;13;9875;20;;;9866.5;0.0
2;18800;PEBBLES_L;10243;13;10241;29;;;10256;13;10258;29;;;10249.5;0.0
2;18800;PEBBLES_M;9837;13;9835;29;;;9849;13;9851;29;;;9843.0;0.0
2;18800;PEBBLES_S;10378;13;10377;29;;;10392;13;10393;29;;;10385.0;0.0
2;18800;PEBBLES_XL;9380;13;9379;29;;;9392;13;9394;29;;;9386.0;0.0
2;18800;PEBBLES_XS;10130;13;10128;29;;;10143;13;10144;29;;;10136.5;0.0
2;18900;PEBBLES_L;10229;12;10227;30;;;10242;12;10244;30;;;10235.5;0.0
2;18900;PEBBLES_M;9842;12;9840;30;;;9855;12;9856;30;;;9848.5;0.0
2;18900;PEBBLES_S;10397;12;10396;30;;;10411;12;10412;30;;;10404.0;0.0
2;18900;PEBBLES_XL;9341;12;9340;30;;;9354;12;9355;30;;;9347.5;0.0
2;18900;PEBBLES_XS;10158;12;10156;30;;;10171;12;10173;30;;;10164.5;0.0
2;19000;PEBBLES_M;9857;10;9856;27;;;9870;10;9871;27;;;9863.5;0.0
2;19000;PEBBLES_S;10390;10;10388;27;;;10403;10;10405;27;;;10396.5;0.0
2;19000;PEBBLES_L;10265;10;10264;27;;;10279;10;10280;27;;;10272.0;0.0
2;19000;PEBBLES_XL;9313;10;9311;27;;;9325;10;9326;27;;;9319.0;0.0
2;19000;PEBBLES_XS;10143;10;10141;27;;;10156;10;10157;27;;;10149.5;0.0
2;19100;PEBBLES_S;10376;13;10374;29;;;10389;13;10391;29;;;10382.5;0.0
2;19100;PEBBLES_L;10265;13;10263;29;;;10278;13;10280;29;;;10271.5;0.0
2;19100;PEBBLES_M;9828;13;9826;29;;;9841;13;9842;29;;;9834.5;0.0
2;19100;PEBBLES_XL;9362;13;9361;29;;;9374;13;9376;29;;;9368.0;0.0
2;19100;PEBBLES_XS;10137;13;10135;29;;;10150;13;10152;29;;;10143.5;0.0
2;19200;PEBBLES_XL;9368;10;9366;23;;;9380;10;9381;23;;;9374.0;0.0
2;19200;PEBBLES_XS;10115;10;10114;23;;;10128;10;10130;23;;;10121.5;0.0
2;19200;PEBBLES_L;10273;10;10272;23;;;10286;10;10288;23;;;10279.5;0.0
2;19200;PEBBLES_M;9824;10;9823;23;;;9837;10;9839;23;;;9830.5;0.0
2;19200;PEBBLES_S;10387;10;10386;23;;;10401;10;10402;23;;;10394.0;0.0
2;19300;PEBBLES_L;10296;15;10295;22;;;10310;15;10311;22;;;10303.0;0.0
2;19300;PEBBLES_M;9792;15;9790;22;;;9804;15;9806;22;;;9798.0;0.0
2;19300;PEBBLES_S;10386;15;10385;22;;;10400;15;10401;22;;;10393.0;0.0
2;19300;PEBBLES_XL;9367;15;9366;22;;;9380;15;9381;22;;;9373.5;0.0
2;19300;PEBBLES_XS;10126;15;10124;22;;;10139;15;10141;22;;;10132.5;0.0
2;19400;PEBBLES_L;10306;14;10304;24;;;10319;14;10321;24;;;10312.5;0.0
2;19400;PEBBLES_XL;9338;14;9337;24;;;9350;14;9352;24;;;9344.0;0.0
2;19400;PEBBLES_XS;10129;14;10127;24;;;10142;14;10144;24;;;10135.5;0.0
2;19400;PEBBLES_M;9797;14;9795;24;;;9809;14;9811;24;;;9803.0;0.0
2;19400;PEBBLES_S;10398;14;10397;24;;;10412;14;10413;24;;;10405.0;0.0
2;19500;PEBBLES_XL;9306;11;9305;23;;;9318;11;9320;23;;;9312.0;0.0
2;19500;PEBBLES_XS;10155;11;10153;23;;;10168;11;10169;23;;;10161.5;0.0
2;19500;PEBBLES_S;10397;11;10395;23;;;10410;11;10412;23;;;10403.5;0.0
2;19500;PEBBLES_L;10319;11;10318;23;;;10333;11;10334;23;;;10326.0;0.0
2;19500;PEBBLES_M;9791;11;9789;23;;;9803;11;9805;23;;;9797.0;0.0
2;19600;PEBBLES_XL;9332;11;9331;26;;;9345;11;9346;26;;;9338.5;0.0
2;19600;PEBBLES_XS;10142;11;10141;26;;;10155;11;10157;26;;;10148.5;0.0
2;19600;PEBBLES_L;10306;11;10304;26;;;10319;11;10321;26;;;10312.5;0.0
2;19600;PEBBLES_M;9785;11;9784;26;;;9798;11;9799;26;;;9791.5;0.0
2;19600;PEBBLES_S;10402;11;10401;26;;;10416;11;10417;26;;;10409.0;0.0
2;19700;PEBBLES_XL;9309;15;9308;25;;;9321;15;9322;25;;;9315.0;0.0
2;19700;PEBBLES_XS;10146;15;10144;25;;;10159;15;10160;25;;;10152.5;0.0
2;19700;PEBBLES_L;10340;15;10338;25;;;10353;15;10355;25;;;10346.5;0.0
2;19700;PEBBLES_M;9782;15;9781;25;;;9795;15;9796;25;;;9788.5;0.0
2;19700;PEBBLES_S;10391;15;10389;25;;;10404;15;10406;25;;;10397.5;0.0
2;19800;PEBBLES_M;9760;14;9759;29;;;9773;14;9774;29;;;9766.5;0.0
2;19800;PEBBLES_S;10394;14;10393;29;;;10408;14;10409;29;;;10401.0;0.0
2;19800;PEBBLES_XL;9319;14;9317;29;;;9331;14;9332;29;;;9325.0;0.0
2;19800;PEBBLES_XS;10136;14;10135;29;;;10149;14;10151;29;;;10142.5;0.0
2;19800;PEBBLES_L;10358;14;10357;29;;;10372;14;10373;29;;;10365.0;0.0
2;19900;PEBBLES_S;10400;10;10398;26;;;10413;10;10415;26;;;10406.5;0.0
2;19900;PEBBLES_L;10369;10;10368;26;;;10383;10;10384;26;;;10376.0;0.0
2;19900;PEBBLES_M;9731;10;9730;26;;;9744;10;9746;26;;;9737.5;0.0
2;19900;PEBBLES_XL;9335;10;9334;26;;;9347;10;9349;26;;;9341.0;0.0
2;19900;PEBBLES_XS;10132;10;10131;26;;;10145;10;10147;26;;;10138.5;0.0
2;20000;PEBBLES_L;10381;14;10379;21;;;10394;14;10396;21;;;10387.5;0.0
2;20000;PEBBLES_M;9698;14;9696;21;;;9710;14;9712;21;;;9704.0;0.0
2;20000;PEBBLES_S;10378;14;10376;21;;;10391;14;10393;21;;;10384.5;0.0
2;20000;PEBBLES_XL;9362;14;9360;21;;;9374;14;9375;21;;;9368.0;0.0
2;20000;PEBBLES_XS;10149;14;10148;21;;;10162;14;10164;21;;;10155.5;0.0
2;20100;PEBBLES_L;10401;11;10399;30;;;10414;11;10416;30;;;10407.5;0.0
2;20100;PEBBLES_M;9700;11;9698;30;;;9713;11;9714;30;;;9706.5;0.0
2;20100;PEBBLES_S;10398;11;10396;30;;;10411;11;10413;30;;;10404.5;0.0
2;20100;PEBBLES_XL;9320;11;9319;30;;;9332;11;9334;30;;;9326.0;0.0
2;20100;PEBBLES_XS;10149;11;10147;30;;;10162;11;10163;30;;;10155.5;0.0
2;20200;PEBBLES_XS;10168;14;10167;26;;;10182;14;10183;26;;;10175.0;0.0
2;20200;PEBBLES_M;9716;14;9715;26;;;9729;14;9730;26;;;9722.5;0.0
2;20200;PEBBLES_S;10383;14;10381;26;;;10396;14;10398;26;;;10389.5;0.0
2;20200;PEBBLES_L;10396;14;10395;26;;;10410;14;10411;26;;;10403.0;0.0
2;20200;PEBBLES_XL;9304;14;9302;26;;;9316;14;9317;26;;;9310.0;0.0
2;20300;PEBBLES_XL;9320;11;9319;26;;;9332;11;9334;26;;;9326.0;0.0
2;20300;PEBBLES_S;10369;11;10367;26;;;10382;11;10384;26;;;10375.5;0.0
2;20300;PEBBLES_XS;10172;11;10170;26;;;10185;11;10186;26;;;10178.5;0.0
2;20300;PEBBLES_M;9711;11;9709;26;;;9723;11;9725;26;;;9717.0;0.0
2;20300;PEBBLES_L;10397;11;10395;26;;;10410;11;10412;26;;;10403.5;0.0
2;20400;PEBBLES_L;10399;11;10398;27;;;10413;11;10414;27;;;10406.0;0.0
2;20400;PEBBLES_S;10358;11;10357;27;;;10372;11;10373;27;;;10365.0;0.0
2;20400;PEBBLES_M;9719;11;9718;27;;;9732;11;9733;27;;;9725.5;0.0
2;20400;PEBBLES_XL;9319;11;9318;27;;;9331;11;9333;27;;;9325.0;0.0
2;20400;PEBBLES_XS;10172;11;10170;27;;;10185;11;10186;27;;;10178.5;0.0
2;20500;PEBBLES_XL;9350;10;9349;28;;;9362;10;9364;28;;;9356.0;0.0
2;20500;PEBBLES_XS;10170;10;10169;28;;;10183;10;10185;28;;;10176.5;0.0
2;20500;PEBBLES_M;9696;10;9694;28;;;9708;10;9710;28;;;9702.0;0.0
2;20500;PEBBLES_L;10392;10;10390;28;;;10405;10;10407;28;;;10398.5;0.0
2;20500;PEBBLES_S;10360;10;10358;28;;;10373;10;10375;28;;;10366.5;0.0
2;20600;PEBBLES_XL;9324;13;9323;25;;;9336;13;9338;25;;;9330.0;0.0
2;20600;PEBBLES_XS;10155;13;10153;25;;;10168;13;10170;25;;;10161.5;0.0
2;20600;PEBBLES_S;10379;13;10378;25;;;10393;13;10394;25;;;10386.0;0.0
2;20600;PEBBLES_M;9719;13;9718;25;;;9732;13;9733;25;;;9725.5;0.0
2;20600;PEBBLES_L;10390;13;10388;25;;;10403;13;10405;25;;;10396.5;0.0
2;20700;PEBBLES_XL;9316;15;9314;20;;;9328;15;9329;20;;;9322.0;0.0
2;20700;PEBBLES_XS;10170;15;10168;20;;;10183;15;10184;20;;;10176.5;0.0
2;20700;PEBBLES_S;10394;15;10393;20;;;10408;15;10409;20;;;10401.0;0.0
2;20700;PEBBLES_M;9713;15;9712;20;;;9726;15;9727;20;;;9719.5;0.0
2;20700;PEBBLES_L;10375;15;10373;20;;;10388;15;10390;20;;;10381.5;0.0
2;20800;PEBBLES_XL;9350;10;9349;23;;;9362;10;9364;23;;;9356.0;0.0
2;20800;PEBBLES_XS;10177;10;10175;23;;;10190;10;10191;23;;;10183.5;0.0
2;20800;PEBBLES_L;10349;10;10347;23;;;10362;10;10364;23;;;10355.5;0.0
2;20800;PEBBLES_S;10404;10;10403;23;;;10418;10;10419;23;;;10411.0;0.0
2;20800;PEBBLES_M;9688;10;9686;23;;;9700;10;9702;23;;;9694.0;0.0
2;20900;PEBBLES_M;9685;14;9684;20;;;9698;14;9699;20;;;9691.5;0.0
2;20900;PEBBLES_L;10344;14;10343;20;;;10358;14;10359;20;;;10351.0;0.0
2;20900;PEBBLES_XL;9355;14;9354;20;;;9367;14;9369;20;;;9361.0;0.0
2;20900;PEBBLES_S;10409;14;10407;20;;;10422;14;10424;20;;;10415.5;0.0
2;20900;PEBBLES_XS;10175;14;10173;20;;;10188;14;10189;20;;;10181.5;0.0
2;21000;PEBBLES_S;10421;10;10420;21;;;10435;10;10436;21;;;10428.0;0.0
2;21000;PEBBLES_M;9681;10;9679;21;;;9693;10;9695;21;;;9687.0;0.0
2;21000;PEBBLES_L;10322;10;10321;21;;;10336;10;10337;21;;;10329.0;0.0
2;21000;PEBBLES_XL;9389;10;9388;21;;;9401;10;9403;21;;;9395.0;0.0
2;21000;PEBBLES_XS;10154;10;10153;21;;;10167;10;10169;21;;;10160.5;0.0
2;21100;PEBBLES_S;10426;11;10424;26;;;10440;11;10441;26;;;10433.0;0.0
2;21100;PEBBLES_M;9683;11;9681;26;;;9695;11;9697;26;;;9689.0;0.0
2;21100;PEBBLES_L;10325;11;10324;26;;;10339;11;10340;26;;;10332.0;0.0
2;21100;PEBBLES_XS;10162;11;10160;26;;;10175;11;10177;26;;;10168.5;0.0
2;21100;PEBBLES_XL;9372;11;9370;26;;;9384;11;9385;26;;;9378.0;0.0
2;21200;PEBBLES_L;10316;12;10315;25;;;10330;12;10331;25;;;10323.0;0.0
2;21200;PEBBLES_S;10410;12;10409;25;;;10424;12;10425;25;;;10417.0;0.0
2;21200;PEBBLES_M;9724;12;9723;25;;;9737;12;9738;25;;;9730.5;0.0
2;21200;PEBBLES_XS;10155;12;10154;25;;;10168;12;10170;25;;;10161.5;0.0
2;21200;PEBBLES_XL;9362;12;9360;25;;;9374;12;9375;25;;;9368.0;0.0
2;21300;PEBBLES_XS;10183;14;10181;30;;;10196;14;10197;30;;;10189.5;0.0
2;21300;PEBBLES_M;9733;14;9732;30;;;9746;14;9748;30;;;9739.5;0.0
2;21300;PEBBLES_L;10301;14;10300;30;;;10315;14;10316;30;;;10308.0;0.0
2;21300;PEBBLES_S;10403;14;10402;30;;;10417;14;10418;30;;;10410.0;0.0
2;21300;PEBBLES_XL;9347;14;9346;30;;;9359;14;9361;30;;;9353.0;0.0
2;21400;PEBBLES_S;10418;12;10417;24;;;10432;12;10433;24;;;10425.0;0.0
2;21400;PEBBLES_XL;9353;12;9352;24;;;9365;12;9367;24;;;9359.0;0.0
2;21400;PEBBLES_M;9720;12;9718;24;;;9732;12;9734;24;;;9726.0;0.0
2;21400;PEBBLES_L;10298;12;10296;24;;;10311;12;10313;24;;;10304.5;0.0
2;21400;PEBBLES_XS;10179;12;10177;24;;;10192;12;10194;24;;;10185.5;0.0
2;21500;PEBBLES_M;9710;15;9709;29;;;9723;15;9724;29;;;9716.5;0.0
2;21500;PEBBLES_L;10301;15;10300;29;;;10315;15;10316;29;;;10308.0;0.0
2;21500;PEBBLES_XS;10186;15;10185;29;;;10199;15;10201;29;;;10192.5;0.0
2;21500;PEBBLES_XL;9358;15;9357;29;;;9370;15;9372;29;;;9364.0;0.0
2;21500;PEBBLES_S;10411;15;10410;29;;;10425;15;10426;29;;;10418.0;0.0
2;21600;PEBBLES_XS;10219;14;10218;27;;;10232;14;10234;27;;;10225.5;0.0
2;21600;PEBBLES_XL;9333;14;9331;27;;;9345;14;9346;27;;;9339.0;0.0
2;21600;PEBBLES_L;10301;14;10299;27;;;10314;14;10316;27;;;10307.5;0.0
2;21600;PEBBLES_S;10410;14;10409;27;;;10424;14;10426;27;;;10417.0;0.0
2;21600;PEBBLES_M;9704;14;9703;27;;;9717;14;9718;27;;;9710.5;0.0
2;21700;PEBBLES_XL;9330;14;9329;27;;;9343;14;9344;27;;;9336.5;0.0
2;21700;PEBBLES_XS;10233;14;10231;27;;;10246;14;10247;27;;;10239.5;0.0
2;21700;PEBBLES_M;9682;14;9680;27;;;9694;14;9696;27;;;9688.0;0.0
2;21700;PEBBLES_L;10307;14;10305;27;;;10320;14;10322;27;;;10313.5;0.0
2;21700;PEBBLES_S;10416;14;10415;27;;;10430;14;10431;27;;;10423.0;0.0
2;21800;PEBBLES_XL;9323;10;9321;23;;;9335;10;9336;23;;;9329.0;0.0
2;21800;PEBBLES_XS;10247;10;10245;23;;;10260;10;10261;23;;;10253.5;0.0
2;21800;PEBBLES_S;10420;10;10418;23;;;10433;10;10435;23;;;10426.5;0.0
2;21800;PEBBLES_M;9673;10;9672;23;;;9686;10;9687;23;;;9679.5;0.0
2;21800;PEBBLES_L;10305;10;10304;23;;;10319;10;10320;23;;;10312.0;0.0
2;21900;PEBBLES_XS;10231;13;10230;29;;;10245;13;10246;29;;;10238.0;0.0
2;21900;PEBBLES_S;10393;13;10392;29;;;10407;13;10408;29;;;10400.0;0.0
2;21900;PEBBLES_XL;9384;13;9383;29;;;9396;13;9398;29;;;9390.0;0.0
2;21900;PEBBLES_M;9670;13;9669;29;;;9683;13;9684;29;;;9676.5;0.0
2;21900;PEBBLES_L;10289;13;10287;29;;;10302;13;10304;29;;;10295.5;0.0
2;22000;PEBBLES_L;10306;15;10304;27;;;10319;15;10321;27;;;10312.5;0.0
2;22000;PEBBLES_S;10398;15;10396;27;;;10411;15;10413;27;;;10404.5;0.0
2;22000;PEBBLES_M;9677;15;9675;27;;;9689;15;9691;27;;;9683.0;0.0
2;22000;PEBBLES_XS;10232;15;10230;27;;;10245;15;10247;27;;;10238.5;0.0
2;22000;PEBBLES_XL;9355;15;9354;27;;;9367;15;9369;27;;;9361.0;0.0
2;22100;PEBBLES_M;9691;11;9690;29;;;9704;11;9706;29;;;9697.5;0.0
2;22100;PEBBLES_L;10301;11;10300;29;;;10314;11;10316;29;;;10307.5;0.0
2;22100;PEBBLES_S;10418;11;10416;29;;;10431;11;10433;29;;;10424.5;0.0
2;22100;PEBBLES_XL;9305;11;9304;29;;;9318;11;9319;29;;;9311.5;0.0
2;22100;PEBBLES_XS;10252;11;10250;29;;;10265;11;10267;29;;;10258.5;0.0
2;22200;PEBBLES_S;10418;11;10416;28;;;10431;11;10433;28;;;10424.5;0.0
2;22200;PEBBLES_M;9686;11;9685;28;;;9699;11;9700;28;;;9692.5;0.0
2;22200;PEBBLES_L;10312;11;10310;28;;;10325;11;10327;28;;;10318.5;0.0
2;22200;PEBBLES_XL;9321;11;9319;28;;;9333;11;9334;28;;;9327.0;0.0
2;22200;PEBBLES_XS;10231;11;10229;28;;;10244;11;10246;28;;;10237.5;0.0
2;22300;PEBBLES_S;10415;15;10413;28;;;10428;15;10430;28;;;10421.5;0.0
2;22300;PEBBLES_M;9698;15;9697;28;;;9711;15;9712;28;;;9704.5;0.0
2;22300;PEBBLES_L;10285;15;10284;28;;;10299;15;10300;28;;;10292.0;0.0
2;22300;PEBBLES_XS;10232;15;10230;28;;;10245;15;10246;28;;;10238.5;0.0
2;22300;PEBBLES_XL;9337;15;9336;28;;;9350;15;9351;28;;;9343.5;0.0
2;22400;PEBBLES_XS;10246;11;10244;26;;;10259;11;10261;26;;;10252.5;0.0
2;22400;PEBBLES_XL;9315;11;9314;26;;;9327;11;9329;26;;;9321.0;0.0
2;22400;PEBBLES_L;10277;11;10275;26;;;10290;11;10292;26;;;10283.5;0.0
2;22400;PEBBLES_S;10439;11;10437;26;;;10452;11;10454;26;;;10445.5;0.0
2;22400;PEBBLES_M;9691;11;9689;26;;;9703;11;9705;26;;;9697.0;0.0
2;22500;PEBBLES_M;9705;14;9704;27;;;9718;14;9719;27;;;9711.5;0.0
2;22500;PEBBLES_L;10287;14;10286;27;;;10301;14;10302;27;;;10294.0;0.0
2;22500;PEBBLES_XL;9314;14;9312;27;;;9326;14;9327;27;;;9320.0;0.0
2;22500;PEBBLES_S;10432;14;10430;27;;;10446;14;10447;27;;;10439.0;0.0
2;22500;PEBBLES_XS;10229;14;10227;27;;;10242;14;10244;27;;;10235.5;0.0
2;22600;PEBBLES_L;10298;11;10296;28;;;10311;11;10313;28;;;10304.5;0.0
2;22600;PEBBLES_XL;9318;11;9317;28;;;9330;11;9332;28;;;9324.0;0.0
2;22600;PEBBLES_XS;10240;11;10239;28;;;10254;11;10255;28;;;10247.0;0.0
2;22600;PEBBLES_S;10394;11;10393;28;;;10408;11;10409;28;;;10401.0;0.0
2;22600;PEBBLES_M;9717;11;9716;28;;;9730;11;9731;28;;;9723.5;0.0
2;22700;PEBBLES_XS;10241;10;10239;30;;;10254;10;10255;30;;;10247.5;0.0
2;22700;PEBBLES_XL;9351;10;9350;30;;;9364;10;9365;30;;;9357.5;0.0
2;22700;PEBBLES_S;10367;10;10366;30;;;10381;10;10382;30;;;10374.0;0.0
2;22700;PEBBLES_M;9707;10;9706;30;;;9720;10;9721;30;;;9713.5;0.0
2;22700;PEBBLES_L;10301;10;10299;30;;;10314;10;10316;30;;;10307.5;0.0
2;22800;PEBBLES_XS;10226;14;10225;25;;;10240;14;10241;25;;;10233.0;0.0
2;22800;PEBBLES_XL;9368;14;9366;25;;;9380;14;9381;25;;;9374.0;0.0
2;22800;PEBBLES_L;10287;14;10285;25;;;10300;14;10302;25;;;10293.5;0.0
2;22800;PEBBLES_S;10362;14;10361;25;;;10376;14;10377;25;;;10369.0;0.0
2;22800;PEBBLES_M;9725;14;9723;25;;;9737;14;9739;25;;;9731.0;0.0
2;22900;PEBBLES_XL;9356;11;9355;26;;;9368;11;9370;26;;;9362.0;0.0
2;22900;PEBBLES_XS;10232;11;10230;26;;;10245;11;10247;26;;;10238.5;0.0
2;22900;PEBBLES_M;9723;11;9722;26;;;9736;11;9737;26;;;9729.5;0.0
2;22900;PEBBLES_L;10281;11;10280;26;;;10294;11;10296;26;;;10287.5;0.0
2;22900;PEBBLES_S;10375;11;10374;26;;;10389;11;10390;26;;;10382.0;0.0
2;23000;PEBBLES_S;10375;12;10373;22;;;10388;12;10390;22;;;10381.5;0.0
2;23000;PEBBLES_XL;9388;12;9387;22;;;9400;12;9402;22;;;9394.0;0.0
2;23000;PEBBLES_M;9716;12;9714;22;;;9728;12;9730;22;;;9722.0;0.0
2;23000;PEBBLES_L;10267;12;10265;22;;;10280;12;10282;22;;;10273.5;0.0
2;23000;PEBBLES_XS;10222;12;10221;22;;;10236;12;10237;22;;;10229.0;0.0
2;23100;PEBBLES_S;10400;13;10398;29;;;10413;13;10415;29;;;10406.5;0.0
2;23100;PEBBLES_M;9699;13;9697;29;;;9712;13;9713;29;;;9705.5;0.0
2;23100;PEBBLES_L;10266;13;10264;29;;;10279;13;10281;29;;;10272.5;0.0
2;23100;PEBBLES_XS;10193;13;10192;29;;;10206;13;10208;29;;;10199.5;0.0
2;23100;PEBBLES_XL;9410;13;9409;29;;;9422;13;9424;29;;;9416.0;0.0
2;23200;PEBBLES_L;10262;14;10261;27;;;10276;14;10277;27;;;10269.0;0.0
2;23200;PEBBLES_S;10393;14;10391;27;;;10407;14;10408;27;;;10400.0;0.0
2;23200;PEBBLES_M;9686;14;9685;27;;;9699;14;9700;27;;;9692.5;0.0
2;23200;PEBBLES_XS;10205;14;10203;27;;;10218;14;10220;27;;;10211.5;0.0
2;23200;PEBBLES_XL;9421;14;9420;27;;;9434;14;9435;27;;;9427.5;0.0
2;23300;PEBBLES_M;9676;12;9674;26;;;9688;12;9690;26;;;9682.0;0.0
2;23300;PEBBLES_L;10278;12;10276;26;;;10291;12;10293;26;;;10284.5;0.0
2;23300;PEBBLES_S;10376;12;10374;26;;;10389;12;10391;26;;;10382.5;0.0
2;23300;PEBBLES_XL;9453;12;9452;26;;;9466;12;9467;26;;;9459.5;0.0
2;23300;PEBBLES_XS;10185;12;10184;26;;;10198;12;10200;26;;;10191.5;0.0
2;23400;PEBBLES_XS;10183;11;10181;28;;;10196;11;10198;28;;;10189.5;0.0
2;23400;PEBBLES_S;10364;11;10363;28;;;10378;11;10379;28;;;10371.0;0.0
2;23400;PEBBLES_M;9685;11;9684;28;;;9698;11;9699;28;;;9691.5;0.0
2;23400;PEBBLES_L;10273;11;10272;28;;;10287;11;10288;28;;;10280.0;0.0
2;23400;PEBBLES_XL;9462;11;9461;28;;;9474;11;9476;28;;;9468.0;0.0
2;23500;PEBBLES_S;10361;11;10359;28;;;10374;11;10376;28;;;10367.5;0.0
2;23500;PEBBLES_XS;10192;11;10191;28;;;10205;11;10207;28;;;10198.5;0.0
2;23500;PEBBLES_XL;9456;11;9454;28;;;9468;11;9469;28;;;9462.0;0.0
2;23500;PEBBLES_M;9697;11;9695;28;;;9709;11;9711;28;;;9703.0;0.0
2;23500;PEBBLES_L;10263;11;10261;28;;;10276;11;10278;28;;;10269.5;0.0
2;23600;PEBBLES_L;10258;15;10256;21;;;10271;15;10273;21;;;10264.5;0.0
2;23600;PEBBLES_S;10351;15;10349;21;;;10364;15;10366;21;;;10357.5;0.0
2;23600;PEBBLES_M;9693;15;9691;21;;;9705;15;9707;21;;;9699.0;0.0
2;23600;PEBBLES_XS;10171;15;10170;21;;;10184;15;10186;21;;;10177.5;0.0
2;23600;PEBBLES_XL;9495;15;9494;21;;;9508;15;9509;21;;;9501.5;0.0
2;23700;PEBBLES_XL;9504;11;9503;30;;;9516;11;9518;30;;;9510.0;0.0
2;23700;PEBBLES_XS;10175;11;10174;30;;;10188;11;10190;30;;;10181.5;0.0
2;23700;PEBBLES_M;9682;11;9680;30;;;9694;11;9696;30;;;9688.0;0.0
2;23700;PEBBLES_L;10246;11;10244;30;;;10259;11;10261;30;;;10252.5;0.0
2;23700;PEBBLES_S;10361;11;10359;30;;;10374;11;10376;30;;;10367.5;0.0
2;23800;PEBBLES_XL;9493;14;9492;27;;;9505;14;9507;27;;;9499.0;0.0
2;23800;PEBBLES_XS;10177;14;10176;27;;;10191;14;10192;27;;;10184.0;0.0
2;23800;PEBBLES_S;10387;14;10385;27;;;10400;14;10402;27;;;10393.5;0.0
2;23800;PEBBLES_M;9676;14;9675;27;;;9689;14;9691;27;;;9682.5;0.0
2;23800;PEBBLES_L;10234;14;10233;27;;;10247;14;10249;27;;;10240.5;0.0
2;23900;PEBBLES_XS;10187;15;10185;29;;;10200;15;10201;29;;;10193.5;0.0
2;23900;PEBBLES_XL;9458;15;9457;29;;;9471;15;9472;29;;;9464.5;0.0
2;23900;PEBBLES_S;10382;15;10381;29;;;10396;15;10397;29;;;10389.0;0.0
2;23900;PEBBLES_M;9702;15;9701;29;;;9715;15;9716;29;;;9708.5;0.0
2;23900;PEBBLES_L;10238;15;10237;29;;;10252;15;10253;29;;;10245.0;0.0
2;24000;PEBBLES_XS;10188;12;10187;23;;;10201;12;10203;23;;;10194.5;0.0
2;24000;PEBBLES_XL;9498;12;9497;23;;;9511;12;9512;23;;;9504.5;0.0
2;24000;PEBBLES_L;10221;12;10220;23;;;10235;12;10236;23;;;10228.0;0.0
2;24000;PEBBLES_S;10368;12;10366;23;;;10381;12;10383;23;;;10374.5;0.0
2;24000;PEBBLES_M;9692;12;9690;23;;;9704;12;9706;23;;;9698.0;0.0
2;24100;PEBBLES_M;9691;12;9689;23;;;9703;12;9705;23;;;9697.0;0.0
2;24100;PEBBLES_L;10211;12;10210;23;;;10225;12;10226;23;;;10218.0;0.0
2;24100;PEBBLES_XL;9534;12;9532;23;;;9546;12;9548;23;;;9540.0;0.0
2;24100;PEBBLES_S;10363;12;10361;23;;;10376;12;10378;23;;;10369.5;0.0
2;24100;PEBBLES_XS;10169;12;10168;23;;;10182;12;10184;23;;;10175.5;0.0
2;24200;PEBBLES_S;10379;11;10378;30;;;10393;11;10394;30;;;10386.0;0.0
2;24200;PEBBLES_M;9684;11;9683;30;;;9697;11;9698;30;;;9690.5;0.0
2;24200;PEBBLES_L;10209;11;10207;30;;;10222;11;10223;30;;;10215.5;0.0
2;24200;PEBBLES_XL;9532;11;9530;30;;;9544;11;9546;30;;;9538.0;0.0
2;24200;PEBBLES_XS;10163;11;10162;30;;;10177;11;10178;30;;;10170.0;0.0
2;24300;PEBBLES_S;10389;12;10387;30;;;10402;12;10404;30;;;10395.5;0.0
2;24300;PEBBLES_M;9685;12;9684;30;;;9698;12;9699;30;;;9691.5;0.0
2;24300;PEBBLES_L;10232;12;10230;30;;;10245;12;10247;30;;;10238.5;0.0
2;24300;PEBBLES_XS;10144;12;10142;30;;;10157;12;10158;30;;;10150.5;0.0
2;24300;PEBBLES_XL;9518;12;9517;30;;;9531;12;9532;30;;;9524.5;0.0
2;24400;PEBBLES_L;10224;14;10222;20;;;10237;14;10238;20;;;10230.5;0.0
2;24400;PEBBLES_S;10392;14;10391;20;;;10406;14;10407;20;;;10399.0;0.0
2;24400;PEBBLES_M;9634;14;9632;20;;;9646;14;9648;20;;;9640.0;0.0
2;24400;PEBBLES_XS;10137;14;10135;20;;;10150;14;10152;20;;;10143.5;0.0
2;24400;PEBBLES_XL;9581;14;9579;20;;;9593;14;9595;20;;;9587.0;0.0
2;24500;PEBBLES_XS;10124;11;10122;24;;;10137;11;10139;24;;;10130.5;0.0
2;24500;PEBBLES_M;9653;11;9652;24;;;9666;11;9667;24;;;9659.5;0.0
2;24500;PEBBLES_L;10219;11;10218;24;;;10232;11;10234;24;;;10225.5;0.0
2;24500;PEBBLES_S;10362;11;10360;24;;;10375;11;10377;24;;;10368.5;0.0
2;24500;PEBBLES_XL;9610;11;9608;24;;;9622;11;9623;24;;;9616.0;0.0
2;24600;PEBBLES_XL;9590;14;9588;23;;;9602;14;9604;23;;;9596.0;0.0
2;24600;PEBBLES_S;10385;14;10383;23;;;10398;14;10400;23;;;10391.5;0.0
2;24600;PEBBLES_M;9659;14;9658;23;;;9672;14;9673;23;;;9665.5;0.0
2;24600;PEBBLES_L;10219;14;10217;23;;;10232;14;10233;23;;;10225.5;0.0
2;24600;PEBBLES_XS;10115;14;10114;23;;;10128;14;10130;23;;;10121.5;0.0
2;24700;PEBBLES_M;9655;12;9653;22;;;9667;12;9669;22;;;9661.0;0.0
2;24700;PEBBLES_L;10202;12;10200;22;;;10215;12;10216;22;;;10208.5;0.0
2;24700;PEBBLES_XS;10108;12;10106;22;;;10121;12;10122;22;;;10114.5;0.0
2;24700;PEBBLES_XL;9636;12;9634;22;;;9648;12;9650;22;;;9642.0;0.0
2;24700;PEBBLES_S;10368;12;10366;22;;;10381;12;10383;22;;;10374.5;0.0
2;24800;PEBBLES_XS;10115;11;10113;20;;;10128;11;10129;20;;;10121.5;0.0
2;24800;PEBBLES_XL;9634;11;9632;20;;;9646;11;9648;20;;;9640.0;0.0
2;24800;PEBBLES_M;9650;11;9649;20;;;9663;11;9664;20;;;9656.5;0.0
2;24800;PEBBLES_S;10375;11;10374;20;;;10389;11;10390;20;;;10382.0;0.0
2;24800;PEBBLES_L;10194;11;10192;20;;;10207;11;10209;20;;;10200.5;0.0
2;24900;PEBBLES_XL;9636;11;9635;28;;;9649;11;9650;28;;;9642.5;0.0
2;24900;PEBBLES_XS;10099;11;10098;28;;;10113;11;10114;28;;;10106.0;0.0
2;24900;PEBBLES_S;10374;11;10372;28;;;10387;11;10389;28;;;10380.5;0.0
2;24900;PEBBLES_L;10194;11;10192;28;;;10207;11;10209;28;;;10200.5;0.0
2;24900;PEBBLES_M;9664;11;9663;28;;;9677;11;9679;28;;;9670.5;0.0
2;25000;PEBBLES_XL;9596;14;9594;25;;;9608;14;9610;25;;;9602.0;0.0
2;25000;PEBBLES_XS;10108;14;10106;25;;;10121;14;10122;25;;;10114.5;0.0
2;25000;PEBBLES_M;9662;14;9660;25;;;9674;14;9676;25;;;9668.0;0.0
2;25000;PEBBLES_S;10380;14;10379;25;;;10394;14;10395;25;;;10387.0;0.0
2;25000;PEBBLES_L;10222;14;10220;25;;;10235;14;10237;25;;;10228.5;0.0
2;25100;PEBBLES_XS;10082;10;10080;30;;;10095;10;10096;30;;;10088.5;0.0
2;25100;PEBBLES_S;10373;10;10372;30;;;10387;10;10388;30;;;10380.0;0.0
2;25100;PEBBLES_XL;9646;10;9644;30;;;9658;10;9660;30;;;9652.0;0.0
2;25100;PEBBLES_L;10209;10;10207;30;;;10222;10;10223;30;;;10215.5;0.0
2;25100;PEBBLES_M;9658;10;9657;30;;;9671;10;9672;30;;;9664.5;0.0
2;25200;PEBBLES_M;9660;10;9659;24;;;9673;10;9674;24;;;9666.5;0.0
2;25200;PEBBLES_S;10386;10;10385;24;;;10400;10;10401;24;;;10393.0;0.0
2;25200;PEBBLES_L;10195;10;10194;24;;;10209;10;10210;24;;;10202.0;0.0
2;25200;PEBBLES_XS;10081;10;10080;24;;;10094;10;10096;24;;;10087.5;0.0
2;25200;PEBBLES_XL;9644;10;9643;24;;;9657;10;9658;24;;;9650.5;0.0
2;25300;PEBBLES_S;10395;11;10394;28;;;10409;11;10410;28;;;10402.0;0.0
2;25300;PEBBLES_L;10187;11;10186;28;;;10201;11;10202;28;;;10194.0;0.0
2;25300;PEBBLES_M;9663;11;9661;28;;;9675;11;9677;28;;;9669.0;0.0
2;25300;PEBBLES_XL;9635;11;9633;28;;;9647;11;9649;28;;;9641.0;0.0
2;25300;PEBBLES_XS;10088;11;10086;28;;;10101;11;10102;28;;;10094.5;0.0
2;25400;PEBBLES_M;9662;14;9661;28;;;9675;14;9676;28;;;9668.5;0.0
2;25400;PEBBLES_S;10396;14;10395;28;;;10410;14;10411;28;;;10403.0;0.0
2;25400;PEBBLES_L;10227;14;10225;28;;;10240;14;10242;28;;;10233.5;0.0
2;25400;PEBBLES_XL;9598;14;9596;28;;;9610;14;9612;28;;;9604.0;0.0
2;25400;PEBBLES_XS;10084;14;10083;28;;;10097;14;10099;28;;;10090.5;0.0
2;25500;PEBBLES_S;10368;11;10366;22;;;10381;11;10383;22;;;10374.5;0.0
2;25500;PEBBLES_L;10223;11;10222;22;;;10237;11;10238;22;;;10230.0;0.0
2;25500;PEBBLES_M;9677;11;9676;22;;;9690;11;9692;22;;;9683.5;0.0
2;25500;PEBBLES_XS;10086;11;10085;22;;;10099;11;10101;22;;;10092.5;0.0
2;25500;PEBBLES_XL;9613;11;9611;22;;;9625;11;9627;22;;;9619.0;0.0
2;25600;PEBBLES_XS;10062;14;10060;24;;;10075;14;10076;24;;;10068.5;0.0
2;25600;PEBBLES_XL;9615;14;9614;24;;;9628;14;9629;24;;;9621.5;0.0
2;25600;PEBBLES_M;9670;14;9668;24;;;9682;14;9684;24;;;9676.0;0.0
2;25600;PEBBLES_S;10385;14;10383;24;;;10398;14;10400;24;;;10391.5;0.0
2;25600;PEBBLES_L;10236;14;10235;24;;;10250;14;10251;24;;;10243.0;0.0
2;25700;PEBBLES_S;10385;14;10384;21;;;10399;14;10400;21;;;10392.0;0.0
2;25700;PEBBLES_XL;9612;14;9610;21;;;9624;14;9626;21;;;9618.0;0.0
2;25700;PEBBLES_L;10235;14;10233;21;;;10248;14;10250;21;;;10241.5;0.0
2;25700;PEBBLES_M;9681;14;9680;21;;;9694;14;9695;21;;;9687.5;0.0
2;25700;PEBBLES_XS;10055;14;10053;21;;;10068;14;10069;21;;;10061.5;0.0
2;25800;PEBBLES_L;10224;15;10222;20;;;10237;15;10238;20;;;10230.5;0.0
2;25800;PEBBLES_XL;9627;15;9625;20;;;9639;15;9641;20;;;9633.0;0.0
2;25800;PEBBLES_XS;10035;15;10034;20;;;10048;15;10050;20;;;10041.5;0.0
2;25800;PEBBLES_M;9694;15;9693;20;;;9707;15;9709;20;;;9700.5;0.0
2;25800;PEBBLES_S;10388;15;10386;20;;;10401;15;10403;20;;;10394.5;0.0
2;25900;PEBBLES_XS;10026;12;10025;30;;;10039;12;10041;30;;;10032.5;0.0
2;25900;PEBBLES_XL;9600;12;9598;30;;;9612;12;9614;30;;;9606.0;0.0
2;25900;PEBBLES_S;10409;12;10408;30;;;10423;12;10425;30;;;10416.0;0.0
2;25900;PEBBLES_L;10239;12;10237;30;;;10252;12;10254;30;;;10245.5;0.0
2;25900;PEBBLES_M;9693;12;9692;30;;;9706;12;9707;30;;;9699.5;0.0
2;26000;PEBBLES_XS;10012;13;10010;21;;;10025;13;10026;21;;;10018.5;0.0
2;26000;PEBBLES_XL;9590;13;9589;21;;;9603;13;9604;21;;;9596.5;0.0
2;26000;PEBBLES_M;9691;13;9689;21;;;9703;13;9705;21;;;9697.0;0.0
2;26000;PEBBLES_S;10419;13;10418;21;;;10433;13;10434;21;;;10426.0;0.0
2;26000;PEBBLES_L;10255;13;10254;21;;;10268;13;10270;21;;;10261.5;0.0
2;26100;PEBBLES_XL;9614;10;9613;28;;;9626;10;9628;28;;;9620.0;0.0
2;26100;PEBBLES_XS;10005;10;10004;28;;;10018;10;10020;28;;;10011.5;0.0
2;26100;PEBBLES_S;10407;10;10406;28;;;10421;10;10422;28;;;10414.0;0.0
2;26100;PEBBLES_L;10252;10;10250;28;;;10265;10;10267;28;;;10258.5;0.0
2;26100;PEBBLES_M;9689;10;9687;28;;;9702;10;9703;28;;;9695.5;0.0
2;26200;PEBBLES_XL;9594;15;9593;30;;;9600;4;9607;15;9608;30;9597.0;0.0
2;26200;PEBBLES_M;9680;15;9679;30;;;9686;4;9693;15;9695;30;9683.0;0.0
2;26200;PEBBLES_S;10399;15;10397;30;;;10405;4;10412;15;10414;30;10402.0;0.0
2;26200;PEBBLES_L;10268;15;10266;30;;;10274;4;10281;15;10282;30;10271.0;0.0
2;26200;PEBBLES_XS;10027;15;10025;30;;;10033;4;10040;15;10041;30;10030.0;0.0
2;26300;PEBBLES_S;10409;13;10408;22;;;10423;13;10424;22;;;10416.0;0.0
2;26300;PEBBLES_L;10273;13;10271;22;;;10286;13;10288;22;;;10279.5;0.0
2;26300;PEBBLES_M;9669;13;9668;22;;;9682;13;9683;22;;;9675.5;0.0
2;26300;PEBBLES_XS;10029;13;10028;22;;;10042;13;10044;22;;;10035.5;0.0
2;26300;PEBBLES_XL;9587;13;9586;22;;;9599;13;9601;22;;;9593.0;0.0
2;26400;PEBBLES_M;9671;13;9670;23;;;9684;13;9685;23;;;9677.5;0.0
2;26400;PEBBLES_S;10432;13;10431;23;;;10446;13;10447;23;;;10439.0;0.0
2;26400;PEBBLES_L;10297;13;10295;23;;;10310;13;10311;23;;;10303.5;0.0
2;26400;PEBBLES_XS;10034;13;10032;23;;;10047;13;10048;23;;;10040.5;0.0
2;26400;PEBBLES_XL;9534;13;9533;23;;;9547;13;9548;23;;;9540.5;0.0
2;26500;PEBBLES_S;10419;13;10417;27;;;10432;13;10434;27;;;10425.5;0.0
2;26500;PEBBLES_L;10289;13;10288;27;;;10302;13;10304;27;;;10295.5;0.0
2;26500;PEBBLES_M;9684;13;9682;27;;;9696;13;9698;27;;;9690.0;0.0
2;26500;PEBBLES_XL;9544;13;9543;27;;;9556;13;9558;27;;;9550.0;0.0
2;26500;PEBBLES_XS;10032;13;10030;27;;;10045;13;10046;27;;;10038.5;0.0
2;26600;PEBBLES_XS;10013;12;10012;27;;;10026;12;10028;27;;;10019.5;0.0
2;26600;PEBBLES_M;9705;12;9703;27;;;9717;12;9719;27;;;9711.0;0.0
2;26600;PEBBLES_S;10417;12;10415;27;;;10430;12;10432;27;;;10423.5;0.0
2;26600;PEBBLES_L;10280;12;10279;27;;;10294;12;10295;27;;;10287.0;0.0
2;26600;PEBBLES_XL;9552;12;9551;27;;;9565;12;9566;27;;;9558.5;0.0
2;26700;PEBBLES_XS;9992;10;9990;24;;;10005;10;10006;24;;;9998.5;0.0
2;26700;PEBBLES_XL;9593;10;9591;24;;;9605;10;9607;24;;;9599.0;0.0
2;26700;PEBBLES_S;10395;10;10393;24;;;10408;10;10410;24;;;10401.5;0.0
2;26700;PEBBLES_L;10295;10;10293;24;;;10308;10;10310;24;;;10301.5;0.0
2;26700;PEBBLES_M;9694;10;9692;24;;;9706;10;9708;24;;;9700.0;0.0
2;26800;PEBBLES_M;9682;15;9681;24;;;9695;15;9697;24;;;9688.5;0.0
2;26800;PEBBLES_S;10382;15;10380;24;;;10395;15;10397;24;;;10388.5;0.0
2;26800;PEBBLES_L;10301;15;10299;24;;;10314;15;10315;24;;;10307.5;0.0
2;26800;PEBBLES_XS;9981;15;9980;24;;;9994;15;9996;24;;;9987.5;0.0
2;26800;PEBBLES_XL;9622;15;9620;24;;;9634;15;9636;24;;;9628.0;0.0
2;26900;PEBBLES_XL;9622;10;9621;30;;;9635;10;9636;30;;;9628.5;0.0
2;26900;PEBBLES_XS;9975;10;9974;30;;;9988;10;9990;30;;;9981.5;0.0
2;26900;PEBBLES_S;10394;10;10393;30;;;10408;10;10409;30;;;10401.0;0.0
2;26900;PEBBLES_L;10291;10;10290;30;;;10304;10;10306;30;;;10297.5;0.0
2;26900;PEBBLES_M;9685;10;9683;30;;;9697;10;9699;30;;;9691.0;0.0
2;27000;PEBBLES_XL;9567;11;9566;26;;;9580;11;9581;26;;;9573.5;0.0
2;27000;PEBBLES_XS;9993;11;9991;26;;;10006;11;10007;26;;;9999.5;0.0
2;27000;PEBBLES_M;9686;11;9685;26;;;9699;11;9701;26;;;9692.5;0.0
2;27000;PEBBLES_S;10425;11;10424;26;;;10439;11;10440;26;;;10432.0;0.0
2;27000;PEBBLES_L;10296;11;10294;26;;;10309;11;10311;26;;;10302.5;0.0
2;27100;PEBBLES_XS;10009;10;10007;21;;;10022;10;10023;21;;;10015.5;0.0
2;27100;PEBBLES_XL;9552;10;9551;21;;;9565;10;9566;21;;;9558.5;0.0
2;27100;PEBBLES_S;10446;10;10444;21;;;10460;10;10461;21;;;10453.0;0.0
2;27100;PEBBLES_L;10292;10;10291;21;;;10306;10;10307;21;;;10299.0;0.0
2;27100;PEBBLES_M;9668;10;9667;21;;;9681;10;9682;21;;;9674.5;0.0
2;27200;PEBBLES_XS;10012;13;10011;22;;;10025;13;10027;22;;;10018.5;0.0
2;27200;PEBBLES_XL;9530;13;9529;22;;;9543;13;9544;22;;;9536.5;0.0
2;27200;PEBBLES_M;9677;13;9675;22;;;9689;13;9691;22;;;9683.0;0.0
2;27200;PEBBLES_S;10443;13;10442;22;;;10457;13;10458;22;;;10450.0;0.0
2;27200;PEBBLES_L;10305;13;10303;22;;;10318;13;10320;22;;;10311.5;0.0
2;27300;PEBBLES_S;10436;10;10435;26;;;10450;10;10451;26;;;10443.0;0.0
2;27300;PEBBLES_XL;9552;10;9551;26;;;9565;10;9566;26;;;9558.5;0.0
2;27300;PEBBLES_L;10324;10;10322;26;;;10337;10;10339;26;;;10330.5;0.0
2;27300;PEBBLES_M;9662;10;9660;26;;;9674;10;9676;26;;;9668.0;0.0
2;27300;PEBBLES_XS;9994;10;9992;26;;;10007;10;10008;26;;;10000.5;0.0
2;27400;PEBBLES_M;9664;15;9663;27;;;9677;15;9678;27;;;9670.5;0.0
2;27400;PEBBLES_S;10432;15;10430;27;;;10445;15;10447;27;;;10438.5;0.0
2;27400;PEBBLES_L;10353;15;10351;27;;;10366;15;10368;27;;;10359.5;0.0
2;27400;PEBBLES_XL;9519;15;9518;27;;;9531;15;9533;27;;;9525.0;0.0
2;27400;PEBBLES_XS;10000;15;9998;27;;;10013;15;10014;27;;;10006.5;0.0
2;27500;PEBBLES_S;10428;10;10427;26;;;10442;10;10443;26;;;10435.0;0.0
2;27500;PEBBLES_L;10361;10;10359;26;;;10374;10;10376;26;;;10367.5;0.0
2;27500;PEBBLES_M;9655;10;9653;26;;;9667;10;9669;26;;;9661.0;0.0
2;27500;PEBBLES_XS;9986;10;9985;26;;;9999;10;10001;26;;;9992.5;0.0
2;27500;PEBBLES_XL;9537;10;9536;26;;;9549;10;9551;26;;;9543.0;0.0
2;27600;PEBBLES_M;9662;11;9660;25;;;9674;11;9676;25;;;9668.0;0.0
2;27600;PEBBLES_S;10448;11;10446;25;;;10462;11;10463;25;;;10455.0;0.0
2;27600;PEBBLES_L;10341;11;10340;25;;;10355;11;10356;25;;;10348.0;0.0
2;27600;PEBBLES_XS;10010;11;10008;25;;;10023;11;10024;25;;;10016.5;0.0
2;27600;PEBBLES_XL;9507;11;9505;25;;;9519;11;9521;25;;;9513.0;0.0
2;27700;PEBBLES_XS;9996;10;9994;22;;;10009;10;10010;22;;;10002.5;0.0
2;27700;PEBBLES_S;10437;10;10435;22;;;10450;10;10452;22;;;10443.5;0.0
2;27700;PEBBLES_L;10326;10;10324;22;;;10339;10;10340;22;;;10332.5;0.0
2;27700;PEBBLES_M;9645;10;9644;22;;;9658;10;9659;22;;;9651.5;0.0
2;27700;PEBBLES_XL;9564;10;9563;22;;;9577;10;9578;22;;;9570.5;0.0
2;27800;PEBBLES_XL;9602;15;9601;22;;;9615;15;9616;22;;;9608.5;0.0
2;27800;PEBBLES_M;9641;15;9640;22;;;9654;15;9655;22;;;9647.5;0.0
2;27800;PEBBLES_S;10424;15;10423;22;;;10438;15;10439;22;;;10431.0;0.0
2;27800;PEBBLES_L;10324;15;10323;22;;;10338;15;10339;22;;;10331.0;0.0
2;27800;PEBBLES_XS;9976;15;9974;22;;;9989;15;9990;22;;;9982.5;0.0
2;27900;PEBBLES_L;10326;14;10324;22;;;10339;14;10341;22;;;10332.5;0.0
2;27900;PEBBLES_M;9659;14;9657;22;;;9671;14;9673;22;;;9665.0;0.0
2;27900;PEBBLES_XS;9979;14;9977;22;;;9992;14;9993;22;;;9985.5;0.0
2;27900;PEBBLES_XL;9600;14;9598;22;;;9612;14;9614;22;;;9606.0;0.0
2;27900;PEBBLES_S;10404;14;10403;22;;;10418;14;10420;22;;;10411.0;0.0
2;28000;PEBBLES_XS;9990;15;9988;26;;;10003;15;10004;26;;;9996.5;0.0
2;28000;PEBBLES_XL;9543;15;9541;26;;;9555;15;9557;26;;;9549.0;0.0
2;28000;PEBBLES_M;9668;15;9667;26;;;9681;15;9682;26;;;9674.5;0.0
2;28000;PEBBLES_S;10424;15;10423;26;;;10438;15;10439;26;;;10431.0;0.0
2;28000;PEBBLES_L;10343;15;10341;26;;;10356;15;10358;26;;;10349.5;0.0
2;28100;PEBBLES_XL;9545;11;9544;22;;;9558;11;9559;22;;;9551.5;0.0
2;28100;PEBBLES_XS;10007;11;10006;22;;;10020;11;10022;22;;;10013.5;0.0
2;28100;PEBBLES_S;10415;11;10414;22;;;10429;11;10430;22;;;10422.0;0.0
2;28100;PEBBLES_L;10336;11;10335;22;;;10350;11;10351;22;;;10343.0;0.0
2;28100;PEBBLES_M;9664;11;9663;22;;;9677;11;9678;22;;;9670.5;0.0
2;28200;PEBBLES_XL;9531;11;9529;23;;;9543;11;9544;23;;;9537.0;0.0
2;28200;PEBBLES_XS;10006;11;10005;23;;;10019;11;10021;23;;;10012.5;0.0
2;28200;PEBBLES_M;9665;11;9663;23;;;9677;11;9679;23;;;9671.0;0.0
2;28200;PEBBLES_S;10413;11;10411;23;;;10427;11;10428;23;;;10420.0;0.0
2;28200;PEBBLES_L;10353;11;10351;23;;;10366;11;10368;23;;;10359.5;0.0
2;28300;PEBBLES_XS;10001;13;10000;21;;;10014;13;10016;21;;;10007.5;0.0
2;28300;PEBBLES_S;10407;13;10405;21;;;10420;13;10422;21;;;10413.5;0.0
2;28300;PEBBLES_XL;9543;13;9542;21;;;9556;13;9557;21;;;9549.5;0.0
2;28300;PEBBLES_L;10352;13;10351;21;;;10366;13;10367;21;;;10359.0;0.0
2;28300;PEBBLES_M;9664;13;9663;21;;;9677;13;9678;21;;;9670.5;0.0
2;28400;PEBBLES_M;9672;10;9671;21;;;9685;10;9686;21;;;9678.5;0.0
2;28400;PEBBLES_S;10428;10;10426;21;;;10441;10;10443;21;;;10434.5;0.0
2;28400;PEBBLES_L;10334;10;10332;21;;;10347;10;10349;21;;;10340.5;0.0
2;28400;PEBBLES_XS;9998;10;9997;21;;;10011;10;10013;21;;;10004.5;0.0
2;28400;PEBBLES_XL;9535;10;9534;21;;;9548;10;9549;21;;;9541.5;0.0
2;28500;PEBBLES_S;10404;11;10403;26;;;10418;11;10419;26;;;10411.0;0.0
2;28500;PEBBLES_L;10312;11;10310;26;;;10325;11;10327;26;;;10318.5;0.0
2;28500;PEBBLES_M;9670;11;9669;26;;;9683;11;9684;26;;;9676.5;0.0
2;28500;PEBBLES_XL;9608;11;9607;26;;;9621;11;9622;26;;;9614.5;0.0
2;28500;PEBBLES_XS;9973;11;9972;26;;;9986;11;9988;26;;;9979.5;0.0
2;28600;PEBBLES_M;9675;15;9674;28;;;9688;15;9689;28;;;9681.5;0.0
2;28600;PEBBLES_S;10429;15;10428;28;;;10443;15;10444;28;;;10436.0;0.0
2;28600;PEBBLES_L;10313;15;10311;28;;;10326;15;10327;28;;;10319.5;0.0
2;28600;PEBBLES_XL;9575;15;9573;28;;;9587;15;9589;28;;;9581.0;0.0
2;28600;PEBBLES_XS;9976;15;9974;28;;;9989;15;9990;28;;;9982.5;0.0
2;28700;PEBBLES_S;10450;11;10448;27;;;10463;11;10465;27;;;10456.5;0.0
2;28700;PEBBLES_L;10304;11;10303;27;;;10318;11;10319;27;;;10311.0;0.0
2;28700;PEBBLES_M;9659;11;9657;27;;;9671;11;9673;27;;;9665.0;0.0
2;28700;PEBBLES_XS;9982;11;9980;27;;;9995;11;9996;27;;;9988.5;0.0
2;28700;PEBBLES_XL;9573;11;9571;27;;;9585;11;9587;27;;;9579.0;0.0
2;28800;PEBBLES_XS;9983;15;9981;30;;;9996;15;9997;30;;;9989.5;0.0
2;28800;PEBBLES_XL;9517;15;9515;30;;;9529;15;9531;30;;;9523.0;0.0
2;28800;PEBBLES_M;9697;15;9695;30;;;9709;15;9711;30;;;9703.0;0.0
2;28800;PEBBLES_S;10458;15;10456;30;;;10472;15;10473;30;;;10465.0;0.0
2;28800;PEBBLES_L;10313;15;10312;30;;;10327;15;10328;30;;;10320.0;0.0
2;28900;PEBBLES_XL;9489;14;9487;23;;;9501;14;9503;23;;;9495.0;0.0
2;28900;PEBBLES_S;10465;14;10464;23;;;10479;14;10480;23;;;10472.0;0.0
2;28900;PEBBLES_L;10331;14;10330;23;;;10345;14;10346;23;;;10338.0;0.0
2;28900;PEBBLES_M;9698;14;9696;23;;;9710;14;9712;23;;;9704.0;0.0
2;28900;PEBBLES_XS;9984;14;9983;23;;;9997;14;9999;23;;;9990.5;0.0
2;29000;PEBBLES_L;10320;6;10314;10;10312;25;10327;10;10329;25;;;10323.5;0.0
2;29000;PEBBLES_XL;9454;6;9449;10;9447;25;9461;10;9462;25;;;9457.5;0.0
2;29000;PEBBLES_XS;10010;6;10004;10;10002;25;10017;10;10018;25;;;10013.5;0.0
2;29000;PEBBLES_M;9734;6;9728;10;9727;25;9741;10;9742;25;;;9737.5;0.0
2;29000;PEBBLES_S;10480;6;10474;10;10472;25;10487;10;10489;25;;;10483.5;0.0
2;29100;PEBBLES_XS;9990;11;9988;30;;;10003;11;10004;30;;;9996.5;0.0
2;29100;PEBBLES_XL;9502;11;9500;30;;;9514;11;9516;30;;;9508.0;0.0
2;29100;PEBBLES_S;10466;11;10465;30;;;10480;11;10482;30;;;10473.0;0.0
2;29100;PEBBLES_L;10300;11;10298;30;;;10313;11;10314;30;;;10306.5;0.0
2;29100;PEBBLES_M;9710;11;9708;30;;;9723;11;9724;30;;;9716.5;0.0
2;29200;PEBBLES_XS;9997;14;9995;20;;;10010;14;10011;20;;;10003.5;0.0
2;29200;PEBBLES_XL;9507;14;9506;20;;;9520;14;9521;20;;;9513.5;0.0
2;29200;PEBBLES_S;10464;14;10463;20;;;10478;14;10479;20;;;10471.0;0.0
2;29200;PEBBLES_M;9711;14;9710;20;;;9724;14;9725;20;;;9717.5;0.0
2;29200;PEBBLES_L;10289;14;10287;20;;;10302;14;10303;20;;;10295.5;0.0
2;29300;PEBBLES_XL;9551;11;9549;21;;;9563;11;9565;21;;;9557.0;0.0
2;29300;PEBBLES_XS;9996;11;9995;21;;;10009;11;10011;21;;;10002.5;0.0
2;29300;PEBBLES_S;10447;11;10445;21;;;10460;11;10462;21;;;10453.5;0.0
2;29300;PEBBLES_M;9670;11;9668;21;;;9682;11;9684;21;;;9676.0;0.0
2;29300;PEBBLES_L;10305;11;10303;21;;;10318;11;10320;21;;;10311.5;0.0
2;29400;PEBBLES_XL;9562;15;9561;24;;;9575;15;9576;24;;;9568.5;0.0
2;29400;PEBBLES_S;10430;15;10429;24;;;10444;15;10445;24;;;10437.0;0.0
