day;timestamp;product;bid_price_1;bid_volume_1;bid_price_2;bid_volume_2;bid_price_3;bid_volume_3;ask_price_1;ask_volume_1;ask_price_2;ask_volume_2;ask_price_3;ask_volume_3;mid_price;profit_and_loss
2;0;SNACKPACK_STRAWBERRY;9992;36;9990;45;;;10008;36;10010;45;;;10000.0;0.0
2;100;SNACKPACK_STRAWBERRY;9986;40;9984;58;;;10003;40;10005;58;;;9994.5;0.0
2;200;SNACKPACK_STRAWBERRY;9991;23;9989;57;;;10008;23;10010;57;;;9999.5;0.0
2;300;SNACKPACK_STRAWBERRY;9983;36;9981;44;;;10000;36;10002;44;;;9991.5;0.0
2;400;SNACKPACK_STRAWBERRY;9972;30;9970;57;;;9989;30;9991;57;;;9980.5;0.0
2;500;SNACKPACK_STRAWBERRY;9972;37;9971;48;;;9989;37;9991;48;;;9980.5;0.0
2;600;SNACKPACK_STRAWBERRY;9969;39;9967;52;;;9986;39;9988;52;;;9977.5;0.0
2;700;SNACKPACK_STRAWBERRY;9966;38;9964;45;;;9982;38;9984;45;;;9974.0;0.0
2;800;SNACKPACK_STRAWBERRY;9972;31;9970;43;;;9989;31;9991;43;;;9980.5;0.0
2;900;SNACKPACK_STRAWBERRY;9971;25;9969;50;;;9988;25;9990;50;;;9979.5;0.0
2;1000;SNACKPACK_STRAWBERRY;9973;38;9971;54;;;9990;38;9992;54;;;9981.5;0.0
2;1100;SNACKPACK_STRAWBERRY;9963;38;9961;57;;;9980;38;9982;57;;;9971.5;0.0
2;1200;SNACKPACK_STRAWBERRY;9960;31;9958;49;;;9977;31;9979;49;;;9968.5;0.0
2;1300;SNACKPACK_STRAWBERRY;9952;37;9950;40;;;9969;37;9971;40;;;9960.5;0.0
2;1400;SNACKPACK_STRAWBERRY;9958;32;9956;41;;;9975;32;9977;41;;;9966.5;0.0
2;1500;SNACKPACK_STRAWBERRY;9962;30;9960;48;;;9979;30;9981;48;;;9970.5;0.0
2;1600;SNACKPACK_STRAWBERRY;9965;29;9963;41;;;9982;29;9984;41;;;9973.5;0.0
2;1700;SNACKPACK_STRAWBERRY;9954;40;9952;40;;;9971;40;9973;40;;;9962.5;0.0
2;1800;SNACKPACK_STRAWBERRY;9967;20;9965;41;;;9984;20;9986;41;;;9975.5;0.0
2;1900;SNACKPACK_STRAWBERRY;9958;37;9956;53;;;9975;37;9977;53;;;9966.5;0.0
2;2000;SNACKPACK_STRAWBERRY;9965;28;9963;54;;;9981;28;9983;54;;;9973.0;0.0
2;2100;SNACKPACK_STRAWBERRY;9971;21;9969;45;;;9988;21;9990;45;;;9979.5;0.0
2;2200;SNACKPACK_STRAWBERRY;9963;30;9961;54;;;9980;30;9982;54;;;9971.5;0.0
2;2300;SNACKPACK_STRAWBERRY;9972;25;9970;48;;;9989;25;9991;48;;;9980.5;0.0
2;2400;SNACKPACK_STRAWBERRY;9963;38;9961;41;;;9980;38;9982;41;;;9971.5;0.0
2;2500;SNACKPACK_STRAWBERRY;9965;29;9963;41;;;9982;29;9984;41;;;9973.5;0.0
2;2600;SNACKPACK_STRAWBERRY;9966;31;9964;42;;;9983;31;9985;42;;;9974.5;0.0
2;2700;SNACKPACK_STRAWBERRY;9971;31;9969;40;;;9988;31;9990;40;;;9979.5;0.0
2;2800;SNACKPACK_STRAWBERRY;9971;21;9969;44;;;9988;21;9990;44;;;9979.5;0.0
2;2900;SNACKPACK_STRAWBERRY;9963;30;9961;57;;;9980;30;9982;57;;;9971.5;0.0
2;3000;SNACKPACK_STRAWBERRY;9959;35;9957;44;;;9976;35;9978;44;;;9967.5;0.0
2;3100;SNACKPACK_STRAWBERRY;9956;20;9954;53;;;9973;20;9975;53;;;9964.5;0.0
2;3200;SNACKPACK_STRAWBERRY;9943;39;9941;58;;;9960;39;9962;58;;;9951.5;0.0
2;3300;SNACKPACK_STRAWBERRY;9942;38;9940;60;;;9959;38;9961;60;;;9950.5;0.0
2;3400;SNACKPACK_STRAWBERRY;9956;22;9954;51;;;9973;22;9975;51;;;9964.5;0.0
2;3500;SNACKPACK_STRAWBERRY;9950;32;9948;52;;;9967;32;9969;52;;;9958.5;0.0
2;3600;SNACKPACK_STRAWBERRY;9960;30;9958;43;;;9977;30;9979;43;;;9968.5;0.0
2;3700;SNACKPACK_STRAWBERRY;9956;30;9954;56;;;9973;30;9975;56;;;9964.5;0.0
2;3800;SNACKPACK_STRAWBERRY;9948;25;9946;55;;;9965;25;9967;55;;;9956.5;0.0
2;3900;SNACKPACK_STRAWBERRY;9954;22;9952;47;;;9971;22;9973;47;;;9962.5;0.0
2;4000;SNACKPACK_STRAWBERRY;9958;29;9956;54;;;9975;29;9977;54;;;9966.5;0.0
2;4100;SNACKPACK_STRAWBERRY;9948;20;9946;41;;;9965;20;9967;41;;;9956.5;0.0
2;4200;SNACKPACK_STRAWBERRY;9956;24;9954;45;;;9973;24;9975;45;;;9964.5;0.0
2;4300;SNACKPACK_STRAWBERRY;9953;33;9951;54;;;9970;33;9972;54;;;9961.5;0.0
2;4400;SNACKPACK_STRAWBERRY;9948;20;9946;48;;;9965;20;9967;48;;;9956.5;0.0
2;4500;SNACKPACK_STRAWBERRY;9939;29;9937;60;;;9956;29;9958;60;;;9947.5;0.0
2;4600;SNACKPACK_STRAWBERRY;9937;39;9935;44;;;9954;39;9956;44;;;9945.5;0.0
2;4700;SNACKPACK_STRAWBERRY;9943;33;9941;55;;;9960;33;9962;55;;;9951.5;0.0
2;4800;SNACKPACK_STRAWBERRY;9941;35;9939;55;;;9958;35;9960;55;;;9949.5;0.0
2;4900;SNACKPACK_STRAWBERRY;9928;23;9926;55;;;9945;23;9947;55;;;9936.5;0.0
2;5000;SNACKPACK_STRAWBERRY;9926;22;9925;56;;;9943;22;9945;56;;;9934.5;0.0
2;5100;SNACKPACK_STRAWBERRY;9931;32;9929;48;;;9948;32;9950;48;;;9939.5;0.0
2;5200;SNACKPACK_STRAWBERRY;9935;22;9933;57;;;9952;22;9954;57;;;9943.5;0.0
2;5300;SNACKPACK_STRAWBERRY;9928;38;9926;54;;;9945;38;9947;54;;;9936.5;0.0
2;5400;SNACKPACK_STRAWBERRY;9923;36;9921;40;;;9940;36;9942;40;;;9931.5;0.0
2;5500;SNACKPACK_STRAWBERRY;9925;22;9923;42;;;9942;22;9944;42;;;9933.5;0.0
2;5600;SNACKPACK_STRAWBERRY;9948;22;9946;52;;;9965;22;9967;52;;;9956.5;0.0
2;5700;SNACKPACK_STRAWBERRY;9941;24;9939;57;;;9958;24;9960;57;;;9949.5;0.0
2;5800;SNACKPACK_STRAWBERRY;9939;24;9937;57;;;9956;24;9958;57;;;9947.5;0.0
2;5900;SNACKPACK_STRAWBERRY;9935;26;9933;59;;;9951;26;9953;59;;;9943.0;0.0
2;6000;SNACKPACK_STRAWBERRY;9936;40;9934;49;;;9953;40;9955;49;;;9944.5;0.0
2;6100;SNACKPACK_STRAWBERRY;9939;23;9937;47;;;9956;23;9958;47;;;9947.5;0.0
2;6200;SNACKPACK_STRAWBERRY;9945;37;9943;60;;;9962;37;9964;60;;;9953.5;0.0
2;6300;SNACKPACK_STRAWBERRY;9947;32;9945;45;;;9964;32;9966;45;;;9955.5;0.0
2;6400;SNACKPACK_STRAWBERRY;9941;23;9939;44;;;9958;23;9960;44;;;9949.5;0.0
2;6500;SNACKPACK_STRAWBERRY;9949;39;9947;60;;;9966;39;9968;60;;;9957.5;0.0
2;6600;SNACKPACK_STRAWBERRY;9955;36;9953;49;;;9972;36;9974;49;;;9963.5;0.0
2;6700;SNACKPACK_STRAWBERRY;9946;20;9944;41;;;9963;20;9965;41;;;9954.5;0.0
2;6800;SNACKPACK_STRAWBERRY;9934;40;9932;42;;;9951;40;9953;42;;;9942.5;0.0
2;6900;SNACKPACK_STRAWBERRY;9944;37;9942;57;;;9961;37;9963;57;;;9952.5;0.0
2;7000;SNACKPACK_STRAWBERRY;9955;40;9953;45;;;9972;40;9974;45;;;9963.5;0.0
2;7100;SNACKPACK_STRAWBERRY;9954;31;9952;55;;;9971;31;9973;55;;;9962.5;0.0
2;7200;SNACKPACK_STRAWBERRY;9954;34;9952;40;;;9971;34;9973;40;;;9962.5;0.0
2;7300;SNACKPACK_STRAWBERRY;9945;29;9943;50;;;9962;29;9964;50;;;9953.5;0.0
2;7400;SNACKPACK_STRAWBERRY;9945;39;9943;50;;;9962;39;9964;50;;;9953.5;0.0
2;7500;SNACKPACK_STRAWBERRY;9941;37;9939;52;;;9958;37;9960;52;;;9949.5;0.0
2;7600;SNACKPACK_STRAWBERRY;9945;26;9943;59;;;9962;26;9964;59;;;9953.5;0.0
2;7700;SNACKPACK_STRAWBERRY;9950;39;9948;53;;;9967;39;9969;53;;;9958.5;0.0
2;7800;SNACKPACK_STRAWBERRY;9943;25;9941;48;;;9960;25;9962;48;;;9951.5;0.0
2;7900;SNACKPACK_STRAWBERRY;9942;34;9940;60;;;9959;34;9961;60;;;9950.5;0.0
2;8000;SNACKPACK_STRAWBERRY;9938;25;9936;46;;;9955;25;9957;46;;;9946.5;0.0
2;8100;SNACKPACK_STRAWBERRY;9941;37;9939;52;;;9958;37;9960;52;;;9949.5;0.0
2;8200;SNACKPACK_STRAWBERRY;9947;39;9945;58;;;9964;39;9966;58;;;9955.5;0.0
2;8300;SNACKPACK_STRAWBERRY;9966;24;9964;42;;;9983;24;9985;42;;;9974.5;0.0
2;8400;SNACKPACK_STRAWBERRY;9957;23;9955;51;;;9974;23;9976;51;;;9965.5;0.0
2;8500;SNACKPACK_STRAWBERRY;9952;37;9950;49;;;9969;37;9971;49;;;9960.5;0.0
2;8600;SNACKPACK_STRAWBERRY;9959;26;9957;51;;;9976;26;9978;51;;;9967.5;0.0
2;8700;SNACKPACK_STRAWBERRY;9957;40;9955;48;;;9974;40;9976;48;;;9965.5;0.0
2;8800;SNACKPACK_STRAWBERRY;9958;20;9956;52;;;9975;20;9977;52;;;9966.5;0.0
2;8900;SNACKPACK_STRAWBERRY;9955;32;9953;54;;;9972;32;9974;54;;;9963.5;0.0
2;9000;SNACKPACK_STRAWBERRY;9956;27;9954;59;;;9973;27;9975;59;;;9964.5;0.0
2;9100;SNACKPACK_STRAWBERRY;9964;32;9962;55;;;9981;32;9983;55;;;9972.5;0.0
2;9200;SNACKPACK_STRAWBERRY;9958;36;9956;57;;;9975;36;9977;57;;;9966.5;0.0
2;9300;SNACKPACK_STRAWBERRY;9967;22;9965;54;;;9984;22;9986;54;;;9975.5;0.0
2;9400;SNACKPACK_STRAWBERRY;9960;38;9958;40;;;9977;38;9979;40;;;9968.5;0.0
2;9500;SNACKPACK_STRAWBERRY;9963;22;9961;54;;;9980;22;9982;54;;;9971.5;0.0
2;9600;SNACKPACK_STRAWBERRY;9951;32;9949;51;;;9968;32;9970;51;;;9959.5;0.0
2;9700;SNACKPACK_STRAWBERRY;9947;20;9945;45;;;9963;20;9965;45;;;9955.0;0.0
2;9800;SNACKPACK_STRAWBERRY;9947;32;9945;55;;;9964;32;9966;55;;;9955.5;0.0
2;9900;SNACKPACK_STRAWBERRY;9951;20;9949;48;;;9968;20;9970;48;;;9959.5;0.0
2;10000;SNACKPACK_STRAWBERRY;9958;30;9956;59;;;9975;30;9977;59;;;9966.5;0.0
2;10100;SNACKPACK_STRAWBERRY;9948;39;9946;58;;;9965;39;9967;58;;;9956.5;0.0
2;10200;SNACKPACK_STRAWBERRY;9957;30;9955;51;;;9965;6;9974;30;9976;51;9961.0;0.0
2;10300;SNACKPACK_STRAWBERRY;9955;32;9953;60;;;9972;32;9974;60;;;9963.5;0.0
2;10400;SNACKPACK_STRAWBERRY;9951;22;9949;50;;;9968;22;9970;50;;;9959.5;0.0
2;10500;SNACKPACK_STRAWBERRY;9960;28;9958;51;;;9977;28;9979;51;;;9968.5;0.0
2;10600;SNACKPACK_STRAWBERRY;9956;20;9954;58;;;9973;20;9975;58;;;9964.5;0.0
2;10700;SNACKPACK_STRAWBERRY;9965;23;9963;58;;;9982;23;9984;58;;;9973.5;0.0
2;10800;SNACKPACK_STRAWBERRY;9962;34;9960;41;;;9979;34;9981;41;;;9970.5;0.0
2;10900;SNACKPACK_STRAWBERRY;9968;22;9966;55;;;9985;22;9987;55;;;9976.5;0.0
2;11000;SNACKPACK_STRAWBERRY;9967;30;9965;42;;;9984;30;9986;42;;;9975.5;0.0
2;11100;SNACKPACK_STRAWBERRY;9971;20;9969;57;;;9987;20;9989;57;;;9979.0;0.0
2;11200;SNACKPACK_STRAWBERRY;9977;4;9969;20;9967;42;9986;20;9988;42;;;9981.5;0.0
2;11300;SNACKPACK_STRAWBERRY;9967;35;9965;42;;;9984;35;9986;42;;;9975.5;0.0
2;11400;SNACKPACK_STRAWBERRY;9988;25;9986;54;;;10005;25;10007;54;;;9996.5;0.0
2;11500;SNACKPACK_STRAWBERRY;9985;21;9983;46;;;10002;21;10004;46;;;9993.5;0.0
2;11600;SNACKPACK_STRAWBERRY;9989;20;9987;52;;;10006;20;10008;52;;;9997.5;0.0
2;11700;SNACKPACK_STRAWBERRY;9991;38;9989;53;;;10008;38;10010;53;;;9999.5;0.0
2;11800;SNACKPACK_STRAWBERRY;10000;23;9998;47;;;10017;23;10019;47;;;10008.5;0.0
2;11900;SNACKPACK_STRAWBERRY;10012;27;10010;52;;;10029;27;10031;52;;;10020.5;0.0
2;12000;SNACKPACK_STRAWBERRY;10003;34;10001;48;;;10020;34;10022;48;;;10011.5;0.0
2;12100;SNACKPACK_STRAWBERRY;9999;34;9997;47;;;10016;34;10018;47;;;10007.5;0.0
2;12200;SNACKPACK_STRAWBERRY;10001;30;9999;50;;;10018;30;10020;50;;;10009.5;0.0
2;12300;SNACKPACK_STRAWBERRY;10013;33;10011;54;;;10030;33;10032;54;;;10021.5;0.0
2;12400;SNACKPACK_STRAWBERRY;10013;37;10011;53;;;10030;37;10032;53;;;10021.5;0.0
2;12500;SNACKPACK_STRAWBERRY;10010;27;10008;41;;;10027;27;10029;41;;;10018.5;0.0
2;12600;SNACKPACK_STRAWBERRY;10018;35;10016;59;;;10035;35;10037;59;;;10026.5;0.0
2;12700;SNACKPACK_STRAWBERRY;10010;25;10008;57;;;10027;25;10029;57;;;10018.5;0.0
2;12800;SNACKPACK_STRAWBERRY;10008;27;10006;43;;;10025;27;10027;43;;;10016.5;0.0
2;12900;SNACKPACK_STRAWBERRY;10007;33;10005;42;;;10024;33;10026;42;;;10015.5;0.0
2;13000;SNACKPACK_STRAWBERRY;10003;24;10001;47;;;10020;24;10022;47;;;10011.5;0.0
2;13100;SNACKPACK_STRAWBERRY;9997;23;9995;58;;;10014;23;10016;58;;;10005.5;0.0
2;13200;SNACKPACK_STRAWBERRY;10008;33;10006;58;;;10025;33;10027;58;;;10016.5;0.0
2;13300;SNACKPACK_STRAWBERRY;10017;36;10015;43;;;10034;36;10036;43;;;10025.5;0.0
2;13400;SNACKPACK_STRAWBERRY;10008;34;10006;55;;;10025;34;10027;55;;;10016.5;0.0
2;13500;SNACKPACK_STRAWBERRY;10017;22;10015;41;;;10034;22;10036;41;;;10025.5;0.0
2;13600;SNACKPACK_STRAWBERRY;10001;32;9999;40;;;10018;32;10020;40;;;10009.5;0.0
2;13700;SNACKPACK_STRAWBERRY;10006;22;10004;45;;;10023;22;10025;45;;;10014.5;0.0
2;13800;SNACKPACK_STRAWBERRY;10000;22;9998;46;;;10017;22;10020;46;;;10008.5;0.0
2;13900;SNACKPACK_STRAWBERRY;10000;21;9998;41;;;10017;21;10019;41;;;10008.5;0.0
2;14000;SNACKPACK_STRAWBERRY;10004;23;10002;60;;;10021;23;10023;60;;;10012.5;0.0
2;14100;SNACKPACK_STRAWBERRY;10014;34;10012;57;;;10031;34;10033;57;;;10022.5;0.0
2;14200;SNACKPACK_STRAWBERRY;10015;28;10013;60;;;10032;28;10034;60;;;10023.5;0.0
2;14300;SNACKPACK_STRAWBERRY;10027;29;10025;60;;;10044;29;10046;60;;;10035.5;0.0
2;14400;SNACKPACK_STRAWBERRY;10018;29;10016;40;;;10035;29;10037;40;;;10026.5;0.0
2;14500;SNACKPACK_STRAWBERRY;10023;31;10021;55;;;10040;31;10042;55;;;10031.5;0.0
2;14600;SNACKPACK_STRAWBERRY;10002;39;10000;49;;;10020;39;10022;49;;;10011.0;0.0
2;14700;SNACKPACK_STRAWBERRY;10002;28;10000;47;;;10019;28;10021;47;;;10010.5;0.0
2;14800;SNACKPACK_STRAWBERRY;9990;22;9988;42;;;10007;22;10009;42;;;9998.5;0.0
2;14900;SNACKPACK_STRAWBERRY;9996;29;9994;54;;;10013;29;10015;54;;;10004.5;0.0
2;15000;SNACKPACK_STRAWBERRY;9998;30;9996;59;;;10015;30;10017;59;;;10006.5;0.0
2;15100;SNACKPACK_STRAWBERRY;10006;38;10004;53;;;10023;38;10025;53;;;10014.5;0.0
2;15200;SNACKPACK_STRAWBERRY;10004;21;10002;52;;;10021;21;10023;52;;;10012.5;0.0
2;15300;SNACKPACK_STRAWBERRY;9995;38;9993;52;;;10012;38;10014;52;;;10003.5;0.0
2;15400;SNACKPACK_STRAWBERRY;9987;32;9985;58;;;10004;32;10006;58;;;9995.5;0.0
2;15500;SNACKPACK_STRAWBERRY;9989;30;9987;53;;;10006;30;10008;53;;;9997.5;0.0
2;15600;SNACKPACK_STRAWBERRY;9988;29;9986;44;;;10005;29;10007;44;;;9996.5;0.0
2;15700;SNACKPACK_STRAWBERRY;9999;2;9991;39;9989;45;10008;39;10010;45;;;10003.5;0.0
2;15800;SNACKPACK_STRAWBERRY;10002;40;10000;56;;;10019;40;10021;56;;;10010.5;0.0
2;15900;SNACKPACK_STRAWBERRY;10010;27;10008;40;;;10027;27;10029;40;;;10018.5;0.0
2;16000;SNACKPACK_STRAWBERRY;10031;24;10029;41;;;10048;24;10050;41;;;10039.5;0.0
2;16100;SNACKPACK_STRAWBERRY;10031;39;10029;60;;;10048;39;10050;60;;;10039.5;0.0
2;16200;SNACKPACK_STRAWBERRY;10038;26;10036;53;;;10055;26;10057;53;;;10046.5;0.0
2;16300;SNACKPACK_STRAWBERRY;10032;32;10030;42;;;10049;32;10051;42;;;10040.5;0.0
2;16400;SNACKPACK_STRAWBERRY;10020;20;10018;49;;;10037;20;10039;49;;;10028.5;0.0
2;16500;SNACKPACK_STRAWBERRY;10007;37;10005;41;;;10024;37;10026;41;;;10015.5;0.0
2;16600;SNACKPACK_STRAWBERRY;10022;29;10020;42;;;10039;29;10041;42;;;10030.5;0.0
2;16700;SNACKPACK_STRAWBERRY;10001;21;9999;52;;;10018;21;10020;52;;;10009.5;0.0
2;16800;SNACKPACK_STRAWBERRY;10003;25;10001;44;;;10020;25;10022;44;;;10011.5;0.0
2;16900;SNACKPACK_STRAWBERRY;10004;21;10002;46;;;10021;21;10023;46;;;10012.5;0.0
2;17000;SNACKPACK_STRAWBERRY;10013;28;10011;59;;;10030;28;10032;59;;;10021.5;0.0
2;17100;SNACKPACK_STRAWBERRY;10032;30;10030;40;;;10049;30;10051;40;;;10040.5;0.0
2;17200;SNACKPACK_STRAWBERRY;10023;28;10021;44;;;10040;28;10042;44;;;10031.5;0.0
2;17300;SNACKPACK_STRAWBERRY;10021;28;10019;46;;;10038;28;10040;46;;;10029.5;0.0
2;17400;SNACKPACK_STRAWBERRY;10021;38;10019;44;;;10038;38;10040;44;;;10029.5;0.0
2;17500;SNACKPACK_STRAWBERRY;10028;32;10026;54;;;10045;32;10047;54;;;10036.5;0.0
2;17600;SNACKPACK_STRAWBERRY;10022;25;10020;47;;;10039;25;10041;47;;;10030.5;0.0
2;17700;SNACKPACK_STRAWBERRY;10036;21;10034;47;;;10053;21;10055;47;;;10044.5;0.0
2;17800;SNACKPACK_STRAWBERRY;10037;23;10035;60;;;10054;23;10056;60;;;10045.5;0.0
2;17900;SNACKPACK_STRAWBERRY;10038;34;10036;60;;;10055;34;10057;60;;;10046.5;0.0
2;18000;SNACKPACK_STRAWBERRY;10031;26;10029;58;;;10048;26;10050;58;;;10039.5;0.0
2;18100;SNACKPACK_STRAWBERRY;10026;21;10024;55;;;10044;21;10046;55;;;10035.0;0.0
2;18200;SNACKPACK_STRAWBERRY;10020;24;10018;43;;;10037;24;10039;43;;;10028.5;0.0
2;18300;SNACKPACK_STRAWBERRY;10012;24;10010;43;;;10029;24;10031;43;;;10020.5;0.0
2;18400;SNACKPACK_STRAWBERRY;10024;28;10022;43;;;10041;28;10043;43;;;10032.5;0.0
2;18500;SNACKPACK_STRAWBERRY;10026;34;10024;53;;;10043;34;10045;53;;;10034.5;0.0
2;18600;SNACKPACK_STRAWBERRY;10022;25;10020;56;;;10039;25;10041;56;;;10030.5;0.0
2;18700;SNACKPACK_STRAWBERRY;10015;25;10013;55;;;10032;25;10034;55;;;10023.5;0.0
2;18800;SNACKPACK_STRAWBERRY;10020;39;10018;41;;;10037;39;10039;41;;;10028.5;0.0
2;18900;SNACKPACK_STRAWBERRY;10029;36;10027;43;;;10046;36;10048;43;;;10037.5;0.0
2;19000;SNACKPACK_STRAWBERRY;10037;37;10035;49;;;10054;37;10056;49;;;10045.5;0.0
2;19100;SNACKPACK_STRAWBERRY;10043;6;10035;20;10033;45;10052;20;10054;45;;;10047.5;0.0
2;19200;SNACKPACK_STRAWBERRY;10030;20;10028;41;;;10047;20;10049;41;;;10038.5;0.0
2;19300;SNACKPACK_STRAWBERRY;10033;28;10031;45;;;10050;28;10052;45;;;10041.5;0.0
2;19400;SNACKPACK_STRAWBERRY;10027;35;10025;47;;;10044;35;10046;47;;;10035.5;0.0
2;19500;SNACKPACK_STRAWBERRY;10045;29;10043;45;;;10062;29;10064;45;;;10053.5;0.0
2;19600;SNACKPACK_STRAWBERRY;10055;20;10053;53;;;10072;20;10074;53;;;10063.5;0.0
2;19700;SNACKPACK_STRAWBERRY;10061;25;10059;60;;;10078;25;10080;60;;;10069.5;0.0
2;19800;SNACKPACK_STRAWBERRY;10068;31;10066;51;;;10086;31;10088;51;;;10077.0;0.0
2;19900;SNACKPACK_STRAWBERRY;10080;27;10078;60;;;10097;27;10099;60;;;10088.5;0.0
2;20000;SNACKPACK_STRAWBERRY;10086;32;10084;42;;;10103;32;10105;42;;;10094.5;0.0
2;20100;SNACKPACK_STRAWBERRY;10080;40;10078;60;;;10097;40;10099;60;;;10088.5;0.0
2;20200;SNACKPACK_STRAWBERRY;10072;37;10070;58;;;10089;37;10091;58;;;10080.5;0.0
2;20300;SNACKPACK_STRAWBERRY;10066;20;10064;43;;;10083;20;10085;43;;;10074.5;0.0
2;20400;SNACKPACK_STRAWBERRY;10057;38;10055;49;;;10074;38;10076;49;;;10065.5;0.0
2;20500;SNACKPACK_STRAWBERRY;10051;37;10049;49;;;10068;37;10070;49;;;10059.5;0.0
2;20600;SNACKPACK_STRAWBERRY;10056;37;10054;58;;;10073;37;10075;58;;;10064.5;0.0
2;20700;SNACKPACK_STRAWBERRY;10043;34;10041;59;;;10060;34;10062;59;;;10051.5;0.0
2;20800;SNACKPACK_STRAWBERRY;10045;26;10043;48;;;10062;26;10064;48;;;10053.5;0.0
2;20900;SNACKPACK_STRAWBERRY;10045;22;10043;54;;;10062;22;10064;54;;;10053.5;0.0
2;21000;SNACKPACK_STRAWBERRY;10047;21;10045;48;;;10064;21;10066;48;;;10055.5;0.0
2;21100;SNACKPACK_STRAWBERRY;10047;36;10045;56;;;10064;36;10066;56;;;10055.5;0.0
2;21200;SNACKPACK_STRAWBERRY;10052;39;10050;40;;;10069;39;10071;40;;;10060.5;0.0
2;21300;SNACKPACK_STRAWBERRY;10044;22;10042;56;;;10061;22;10063;56;;;10052.5;0.0
2;21400;SNACKPACK_STRAWBERRY;10046;23;10044;44;;;10063;23;10065;44;;;10054.5;0.0
2;21500;SNACKPACK_STRAWBERRY;10052;32;10050;52;;;10069;32;10071;52;;;10060.5;0.0
2;21600;SNACKPACK_STRAWBERRY;10056;24;10054;46;;;10073;24;10075;46;;;10064.5;0.0
2;21700;SNACKPACK_STRAWBERRY;10065;35;10063;42;;;10083;35;10085;42;;;10074.0;0.0
2;21800;SNACKPACK_STRAWBERRY;10079;37;10077;41;;;10096;37;10098;41;;;10087.5;0.0
2;21900;SNACKPACK_STRAWBERRY;10082;35;10080;60;;;10099;35;10101;60;;;10090.5;0.0
2;22000;SNACKPACK_STRAWBERRY;10085;33;10083;58;;;10102;33;10104;58;;;10093.5;0.0
2;22100;SNACKPACK_STRAWBERRY;10075;31;10073;55;;;10092;31;10094;55;;;10083.5;0.0
2;22200;SNACKPACK_STRAWBERRY;10069;20;10067;53;;;10086;20;10088;53;;;10077.5;0.0
2;22300;SNACKPACK_STRAWBERRY;10062;32;10060;53;;;10080;32;10082;53;;;10071.0;0.0
2;22400;SNACKPACK_STRAWBERRY;10059;28;10057;60;;;10076;28;10078;60;;;10067.5;0.0
2;22500;SNACKPACK_STRAWBERRY;10054;21;10052;56;;;10072;21;10074;56;;;10063.0;0.0
2;22600;SNACKPACK_STRAWBERRY;10050;34;10048;60;;;10067;34;10069;60;;;10058.5;0.0
2;22700;SNACKPACK_STRAWBERRY;10037;20;10035;54;;;10054;20;10056;54;;;10045.5;0.0
2;22800;SNACKPACK_STRAWBERRY;10033;29;10031;43;;;10050;29;10052;43;;;10041.5;0.0
2;22900;SNACKPACK_STRAWBERRY;10032;35;10030;57;;;10049;35;10051;57;;;10040.5;0.0
2;23000;SNACKPACK_STRAWBERRY;10035;30;10033;52;;;10052;30;10054;52;;;10043.5;0.0
2;23100;SNACKPACK_STRAWBERRY;10040;40;10038;41;;;10058;40;10060;41;;;10049.0;0.0
2;23200;SNACKPACK_STRAWBERRY;10028;21;10026;45;;;10045;21;10047;45;;;10036.5;0.0
2;23300;SNACKPACK_STRAWBERRY;10031;34;10029;43;;;10048;34;10050;43;;;10039.5;0.0
2;23400;SNACKPACK_STRAWBERRY;10033;40;10031;57;;;10051;40;10053;57;;;10042.0;0.0
2;23500;SNACKPACK_STRAWBERRY;10029;40;10027;56;;;10046;40;10048;56;;;10037.5;0.0
2;23600;SNACKPACK_STRAWBERRY;10043;37;10041;55;;;10060;37;10062;55;;;10051.5;0.0
2;23700;SNACKPACK_STRAWBERRY;10040;34;10038;60;;;10057;34;10059;60;;;10048.5;0.0
2;23800;SNACKPACK_STRAWBERRY;10028;26;10026;58;;;10045;26;10048;58;;;10036.5;0.0
2;23900;SNACKPACK_STRAWBERRY;10018;33;10016;49;;;10035;33;10037;49;;;10026.5;0.0
2;24000;SNACKPACK_STRAWBERRY;10022;37;10020;44;;;10039;37;10041;44;;;10030.5;0.0
2;24100;SNACKPACK_STRAWBERRY;10024;34;10022;48;;;10041;34;10043;48;;;10032.5;0.0
2;24200;SNACKPACK_STRAWBERRY;10025;32;10023;43;;;10042;32;10044;43;;;10033.5;0.0
2;24300;SNACKPACK_STRAWBERRY;10026;26;10024;47;;;10043;26;10045;47;;;10034.5;0.0
2;24400;SNACKPACK_STRAWBERRY;10031;31;10029;40;;;10048;31;10050;40;;;10039.5;0.0
2;24500;SNACKPACK_STRAWBERRY;10033;34;10031;50;;;10050;34;10052;50;;;10041.5;0.0
2;24600;SNACKPACK_STRAWBERRY;10029;37;10027;56;;;10046;37;10048;56;;;10037.5;0.0
2;24700;SNACKPACK_STRAWBERRY;10044;27;10042;53;;;10062;27;10064;53;;;10053.0;0.0
2;24800;SNACKPACK_STRAWBERRY;10048;20;10046;45;;;10065;20;10067;45;;;10056.5;0.0
2;24900;SNACKPACK_STRAWBERRY;10051;35;10049;47;;;10068;35;10070;47;;;10059.5;0.0
2;25000;SNACKPACK_STRAWBERRY;10064;24;10062;49;;;10081;24;10083;49;;;10072.5;0.0
2;25100;SNACKPACK_STRAWBERRY;10056;37;10054;47;;;10074;37;10076;47;;;10065.0;0.0
2;25200;SNACKPACK_STRAWBERRY;10054;39;10052;53;;;10072;39;10074;53;;;10063.0;0.0
2;25300;SNACKPACK_STRAWBERRY;10067;24;10065;45;;;10084;24;10086;45;;;10075.5;0.0
2;25400;SNACKPACK_STRAWBERRY;10066;28;10064;58;;;10083;28;10085;58;;;10074.5;0.0
2;25500;SNACKPACK_STRAWBERRY;10061;23;10059;56;;;10078;23;10080;56;;;10069.5;0.0
2;25600;SNACKPACK_STRAWBERRY;10060;33;10058;49;;;10077;33;10079;49;;;10068.5;0.0
2;25700;SNACKPACK_STRAWBERRY;10067;28;10065;47;;;10084;28;10086;47;;;10075.5;0.0
2;25800;SNACKPACK_STRAWBERRY;10062;28;10060;46;;;10079;28;10081;46;;;10070.5;0.0
2;25900;SNACKPACK_STRAWBERRY;10064;36;10062;46;;;10081;36;10083;46;;;10072.5;0.0
2;26000;SNACKPACK_STRAWBERRY;10067;32;10065;46;;;10085;32;10087;46;;;10076.0;0.0
2;26100;SNACKPACK_STRAWBERRY;10073;32;10071;51;;;10090;32;10093;51;;;10081.5;0.0
2;26200;SNACKPACK_STRAWBERRY;10083;35;10081;53;;;10100;35;10102;53;;;10091.5;0.0
2;26300;SNACKPACK_STRAWBERRY;10066;40;10064;57;;;10083;40;10085;57;;;10074.5;0.0
2;26400;SNACKPACK_STRAWBERRY;10073;27;10071;47;;;10090;27;10092;47;;;10081.5;0.0
2;26500;SNACKPACK_STRAWBERRY;10093;39;10091;56;;;10110;39;10112;56;;;10101.5;0.0
2;26600;SNACKPACK_STRAWBERRY;10099;36;10097;51;;;10116;36;10118;51;;;10107.5;0.0
2;26700;SNACKPACK_STRAWBERRY;10092;31;10090;55;;;10109;31;10111;55;;;10100.5;0.0
2;26800;SNACKPACK_STRAWBERRY;10094;28;10092;55;;;10111;28;10113;55;;;10102.5;0.0
2;26900;SNACKPACK_STRAWBERRY;10086;36;10084;59;;;10103;36;10105;59;;;10094.5;0.0
2;27000;SNACKPACK_STRAWBERRY;10080;39;10078;50;;;10097;39;10099;50;;;10088.5;0.0
2;27100;SNACKPACK_STRAWBERRY;10083;27;10081;42;;;10100;27;10102;42;;;10091.5;0.0
2;27200;SNACKPACK_STRAWBERRY;10082;20;10080;42;;;10099;20;10101;42;;;10090.5;0.0
2;27300;SNACKPACK_STRAWBERRY;10082;21;10080;40;;;10099;21;10101;40;;;10090.5;0.0
2;27400;SNACKPACK_STRAWBERRY;10081;31;10079;46;;;10098;31;10100;46;;;10089.5;0.0
2;27500;SNACKPACK_STRAWBERRY;10077;34;10075;45;;;10094;34;10097;45;;;10085.5;0.0
2;27600;SNACKPACK_STRAWBERRY;10068;31;10066;57;;;10085;31;10087;57;;;10076.5;0.0
2;27700;SNACKPACK_STRAWBERRY;10062;39;10060;58;;;10079;39;10081;58;;;10070.5;0.0
2;27800;SNACKPACK_STRAWBERRY;10078;30;10076;46;;;10095;30;10097;46;;;10086.5;0.0
2;27900;SNACKPACK_STRAWBERRY;10077;33;10075;52;;;10094;33;10096;52;;;10085.5;0.0
2;28000;SNACKPACK_STRAWBERRY;10078;38;10076;47;;;10095;38;10097;47;;;10086.5;0.0
2;28100;SNACKPACK_STRAWBERRY;10092;37;10090;54;;;10109;37;10111;54;;;10100.5;0.0
2;28200;SNACKPACK_STRAWBERRY;10108;34;10106;52;;;10126;34;10128;52;;;10117.0;0.0
2;28300;SNACKPACK_STRAWBERRY;10120;28;10118;59;;;10137;28;10140;59;;;10128.5;0.0
2;28400;SNACKPACK_STRAWBERRY;10115;35;10113;55;;;10133;35;10135;55;;;10124.0;0.0
2;28500;SNACKPACK_STRAWBERRY;10114;23;10112;55;;;10131;23;10133;55;;;10122.5;0.0
2;28600;SNACKPACK_STRAWBERRY;10104;20;10102;51;;;10122;20;10124;51;;;10113.0;0.0
2;28700;SNACKPACK_STRAWBERRY;10111;29;10109;46;;;10128;29;10130;46;;;10119.5;0.0
2;28800;SNACKPACK_STRAWBERRY;10124;38;10122;60;;;10141;38;10143;60;;;10132.5;0.0
2;28900;SNACKPACK_STRAWBERRY;10123;40;10121;54;;;10140;40;10142;54;;;10131.5;0.0
2;29000;SNACKPACK_STRAWBERRY;10112;36;10110;45;;;10129;36;10131;45;;;10120.5;0.0
2;29100;SNACKPACK_STRAWBERRY;10114;22;10112;53;;;10131;22;10133;53;;;10122.5;0.0
2;29200;SNACKPACK_STRAWBERRY;10108;26;10106;54;;;10116;4;10125;26;10127;54;10112.0;0.0
2;29300;SNACKPACK_STRAWBERRY;10105;33;10103;45;;;10122;33;10124;45;;;10113.5;0.0
2;29400;SNACKPACK_STRAWBERRY;10113;29;10111;52;;;10131;29;10133;52;;;10122.0;0.0
2;29500;SNACKPACK_STRAWBERRY;10110;30;10108;42;;;10127;30;10129;42;;;10118.5;0.0
2;29600;SNACKPACK_STRAWBERRY;10119;21;10117;41;;;10136;21;10138;41;;;10127.5;0.0
2;29700;SNACKPACK_STRAWBERRY;10124;30;10122;58;;;10141;30;10143;58;;;10132.5;0.0
2;29800;SNACKPACK_STRAWBERRY;10126;34;10124;45;;;10143;34;10145;45;;;10134.5;0.0
2;29900;SNACKPACK_STRAWBERRY;10124;29;10121;49;;;10141;29;10143;49;;;10132.5;0.0
2;30000;SNACKPACK_STRAWBERRY;10117;29;10115;57;;;10134;29;10136;57;;;10125.5;0.0
2;30100;SNACKPACK_STRAWBERRY;10128;24;10126;50;;;10145;24;10147;50;;;10136.5;0.0
2;30200;SNACKPACK_STRAWBERRY;10147;40;10145;56;;;10164;40;10166;56;;;10155.5;0.0
2;30300;SNACKPACK_STRAWBERRY;10150;24;10148;45;;;10167;24;10169;45;;;10158.5;0.0
2;30400;SNACKPACK_STRAWBERRY;10151;23;10149;45;;;10168;23;10170;45;;;10159.5;0.0
2;30500;SNACKPACK_STRAWBERRY;10152;28;10150;44;;;10169;28;10171;44;;;10160.5;0.0
2;30600;SNACKPACK_STRAWBERRY;10138;31;10136;47;;;10155;31;10157;47;;;10146.5;0.0
2;30700;SNACKPACK_STRAWBERRY;10140;28;10138;58;;;10157;28;10159;58;;;10148.5;0.0
2;30800;SNACKPACK_STRAWBERRY;10130;36;10128;40;;;10147;36;10149;40;;;10138.5;0.0
2;30900;SNACKPACK_STRAWBERRY;10132;20;10130;43;;;10149;20;10151;43;;;10140.5;0.0
2;31000;SNACKPACK_STRAWBERRY;10123;24;10121;43;;;10140;24;10142;43;;;10131.5;0.0
2;31100;SNACKPACK_STRAWBERRY;10132;27;10130;42;;;10150;27;10152;42;;;10141.0;0.0
2;31200;SNACKPACK_STRAWBERRY;10127;26;10125;52;;;10144;26;10146;52;;;10135.5;0.0
2;31300;SNACKPACK_STRAWBERRY;10144;25;10142;49;;;10161;25;10163;49;;;10152.5;0.0
2;31400;SNACKPACK_STRAWBERRY;10153;38;10151;58;;;10171;38;10173;58;;;10162.0;0.0
2;31500;SNACKPACK_STRAWBERRY;10154;29;10152;51;;;10171;29;10173;51;;;10162.5;0.0
2;31600;SNACKPACK_STRAWBERRY;10164;35;10162;58;;;10181;35;10183;58;;;10172.5;0.0
2;31700;SNACKPACK_STRAWBERRY;10165;38;10163;55;;;10182;38;10184;55;;;10173.5;0.0
2;31800;SNACKPACK_STRAWBERRY;10168;38;10166;51;;;10185;38;10187;51;;;10176.5;0.0
2;31900;SNACKPACK_STRAWBERRY;10176;36;10174;49;;;10194;36;10196;49;;;10185.0;0.0
2;32000;SNACKPACK_STRAWBERRY;10169;23;10167;43;;;10187;23;10189;43;;;10178.0;0.0
2;32100;SNACKPACK_STRAWBERRY;10165;27;10163;57;;;10182;27;10184;57;;;10173.5;0.0
2;32200;SNACKPACK_STRAWBERRY;10168;32;10166;47;;;10185;32;10187;47;;;10176.5;0.0
2;32300;SNACKPACK_STRAWBERRY;10164;27;10162;50;;;10182;27;10184;50;;;10173.0;0.0
2;32400;SNACKPACK_STRAWBERRY;10165;30;10163;41;;;10183;30;10185;41;;;10174.0;0.0
2;32500;SNACKPACK_STRAWBERRY;10166;20;10164;43;;;10183;20;10186;43;;;10174.5;0.0
2;32600;SNACKPACK_STRAWBERRY;10158;26;10156;42;;;10175;26;10177;42;;;10166.5;0.0
2;32700;SNACKPACK_STRAWBERRY;10146;36;10144;58;;;10164;36;10166;58;;;10155.0;0.0
2;32800;SNACKPACK_STRAWBERRY;10156;30;10154;51;;;10173;30;10175;51;;;10164.5;0.0
2;32900;SNACKPACK_STRAWBERRY;10153;23;10151;51;;;10170;23;10172;51;;;10161.5;0.0
2;33000;SNACKPACK_STRAWBERRY;10139;31;10137;60;;;10156;31;10158;60;;;10147.5;0.0
2;33100;SNACKPACK_STRAWBERRY;10139;31;10137;60;;;10156;31;10158;60;;;10147.5;0.0
2;33200;SNACKPACK_STRAWBERRY;10139;34;10137;59;;;10157;34;10159;59;;;10148.0;0.0
2;33300;SNACKPACK_STRAWBERRY;10137;39;10135;47;;;10154;39;10156;47;;;10145.5;0.0
2;33400;SNACKPACK_STRAWBERRY;10139;38;10137;40;;;10156;38;10158;40;;;10147.5;0.0
2;33500;SNACKPACK_STRAWBERRY;10130;21;10128;58;;;10148;21;10150;58;;;10139.0;0.0
2;33600;SNACKPACK_STRAWBERRY;10130;29;10128;57;;;10147;29;10149;57;;;10138.5;0.0
2;33700;SNACKPACK_STRAWBERRY;10139;20;10137;49;;;10156;20;10159;49;;;10147.5;0.0
2;33800;SNACKPACK_STRAWBERRY;10129;37;10127;42;;;10146;37;10149;42;;;10137.5;0.0
2;33900;SNACKPACK_STRAWBERRY;10152;26;10150;58;;;10170;26;10172;58;;;10161.0;0.0
2;34000;SNACKPACK_STRAWBERRY;10169;37;10167;51;;;10187;37;10189;51;;;10178.0;0.0
2;34100;SNACKPACK_STRAWBERRY;10172;33;10170;57;;;10189;33;10191;57;;;10180.5;0.0
2;34200;SNACKPACK_STRAWBERRY;10156;23;10154;55;;;10173;23;10175;55;;;10164.5;0.0
2;34300;SNACKPACK_STRAWBERRY;10144;37;10142;42;;;10161;37;10164;42;;;10152.5;0.0
2;34400;SNACKPACK_STRAWBERRY;10151;36;10149;56;;;10168;36;10171;56;;;10159.5;0.0
2;34500;SNACKPACK_STRAWBERRY;10142;38;10140;57;;;10159;38;10161;57;;;10150.5;0.0
2;34600;SNACKPACK_STRAWBERRY;10143;27;10141;45;;;10160;27;10162;45;;;10151.5;0.0
2;34700;SNACKPACK_STRAWBERRY;10143;29;10141;41;;;10160;29;10162;41;;;10151.5;0.0
2;34800;SNACKPACK_STRAWBERRY;10154;34;10152;56;;;10172;34;10174;56;;;10163.0;0.0
2;34900;SNACKPACK_STRAWBERRY;10159;27;10157;48;;;10176;27;10178;48;;;10167.5;0.0
2;35000;SNACKPACK_STRAWBERRY;10160;22;10158;41;;;10177;22;10179;41;;;10168.5;0.0
2;35100;SNACKPACK_STRAWBERRY;10169;36;10167;54;;;10186;36;10188;54;;;10177.5;0.0
2;35200;SNACKPACK_STRAWBERRY;10174;38;10172;52;;;10191;38;10193;52;;;10182.5;0.0
2;35300;SNACKPACK_STRAWBERRY;10171;39;10169;43;;;10189;39;10191;43;;;10180.0;0.0
2;35400;SNACKPACK_STRAWBERRY;10168;39;10166;44;;;10186;39;10188;44;;;10177.0;0.0
2;35500;SNACKPACK_STRAWBERRY;10166;28;10164;47;;;10183;28;10185;47;;;10174.5;0.0
2;35600;SNACKPACK_STRAWBERRY;10167;37;10165;60;;;10184;37;10186;60;;;10175.5;0.0
2;35700;SNACKPACK_STRAWBERRY;10179;36;10177;57;;;10196;36;10198;57;;;10187.5;0.0
2;35800;SNACKPACK_STRAWBERRY;10161;38;10159;41;;;10178;38;10180;41;;;10169.5;0.0
2;35900;SNACKPACK_STRAWBERRY;10170;23;10168;47;;;10187;23;10189;47;;;10178.5;0.0
2;36000;SNACKPACK_STRAWBERRY;10176;39;10174;58;;;10193;39;10195;58;;;10184.5;0.0
2;36100;SNACKPACK_STRAWBERRY;10167;32;10165;58;;;10185;32;10187;58;;;10176.0;0.0
2;36200;SNACKPACK_STRAWBERRY;10164;26;10162;43;;;10181;26;10183;43;;;10172.5;0.0
2;36300;SNACKPACK_STRAWBERRY;10174;39;10172;57;;;10191;39;10193;57;;;10182.5;0.0
2;36400;SNACKPACK_STRAWBERRY;10160;25;10158;58;;;10178;25;10180;58;;;10169.0;0.0
2;36500;SNACKPACK_STRAWBERRY;10169;38;10167;56;;;10187;38;10189;56;;;10178.0;0.0
2;36600;SNACKPACK_STRAWBERRY;10178;32;10176;56;;;10195;32;10197;56;;;10186.5;0.0
2;36700;SNACKPACK_STRAWBERRY;10172;38;10170;59;;;10189;38;10191;59;;;10180.5;0.0
2;36800;SNACKPACK_STRAWBERRY;10173;22;10171;57;;;10191;22;10193;57;;;10182.0;0.0
2;36900;SNACKPACK_STRAWBERRY;10183;21;10181;43;;;10201;21;10203;43;;;10192.0;0.0
2;37000;SNACKPACK_STRAWBERRY;10178;40;10176;48;;;10195;40;10197;48;;;10186.5;0.0
2;37100;SNACKPACK_STRAWBERRY;10195;35;10193;41;;;10213;35;10215;41;;;10204.0;0.0
2;37200;SNACKPACK_STRAWBERRY;10198;24;10196;43;;;10216;24;10218;43;;;10207.0;0.0
2;37300;SNACKPACK_STRAWBERRY;10208;37;10206;51;;;10225;37;10227;51;;;10216.5;0.0
2;37400;SNACKPACK_STRAWBERRY;10212;20;10210;50;;;10230;20;10232;50;;;10221.0;0.0
2;37500;SNACKPACK_STRAWBERRY;10233;36;10231;51;;;10250;36;10252;51;;;10241.5;0.0
2;37600;SNACKPACK_STRAWBERRY;10251;25;10249;42;;;10268;25;10270;42;;;10259.5;0.0
2;37700;SNACKPACK_STRAWBERRY;10247;24;10245;44;;;10265;24;10267;44;;;10256.0;0.0
2;37800;SNACKPACK_STRAWBERRY;10253;20;10251;50;;;10271;20;10273;50;;;10262.0;0.0
2;37900;SNACKPACK_STRAWBERRY;10244;30;10242;56;;;10262;30;10264;56;;;10253.0;0.0
2;38000;SNACKPACK_STRAWBERRY;10241;40;10239;48;;;10259;40;10261;48;;;10250.0;0.0
2;38100;SNACKPACK_STRAWBERRY;10231;23;10229;45;;;10249;23;10251;45;;;10240.0;0.0
2;38200;SNACKPACK_STRAWBERRY;10216;35;10214;43;;;10234;35;10236;43;;;10225.0;0.0
2;38300;SNACKPACK_STRAWBERRY;10227;29;10225;55;;;10244;29;10246;55;;;10235.5;0.0
2;38400;SNACKPACK_STRAWBERRY;10219;24;10217;50;;;10236;24;10238;50;;;10227.5;0.0
2;38500;SNACKPACK_STRAWBERRY;10225;26;10223;55;;;10243;26;10245;55;;;10234.0;0.0
2;38600;SNACKPACK_STRAWBERRY;10219;32;10217;50;;;10237;32;10239;50;;;10228.0;0.0
2;38700;SNACKPACK_STRAWBERRY;10239;26;10237;48;;;10256;26;10258;48;;;10247.5;0.0
2;38800;SNACKPACK_STRAWBERRY;10237;29;10235;59;;;10254;29;10256;59;;;10245.5;0.0
2;38900;SNACKPACK_STRAWBERRY;10223;38;10221;45;;;10240;38;10242;45;;;10231.5;0.0
2;39000;SNACKPACK_STRAWBERRY;10223;40;10221;52;;;10240;40;10242;52;;;10231.5;0.0
2;39100;SNACKPACK_STRAWBERRY;10230;22;10228;49;;;10247;22;10249;49;;;10238.5;0.0
2;39200;SNACKPACK_STRAWBERRY;10229;40;10227;41;;;10247;40;10249;41;;;10238.0;0.0
2;39300;SNACKPACK_STRAWBERRY;10227;29;10225;59;;;10245;29;10247;59;;;10236.0;0.0
2;39400;SNACKPACK_STRAWBERRY;10215;22;10213;40;;;10233;22;10235;40;;;10224.0;0.0
2;39500;SNACKPACK_STRAWBERRY;10210;36;10208;52;;;10228;36;10230;52;;;10219.0;0.0
2;39600;SNACKPACK_STRAWBERRY;10208;40;10206;47;;;10225;40;10227;47;;;10216.5;0.0
2;39700;SNACKPACK_STRAWBERRY;10189;27;10186;58;;;10206;27;10208;58;;;10197.5;0.0
2;39800;SNACKPACK_STRAWBERRY;10188;26;10186;47;;;10206;26;10208;47;;;10197.0;0.0
2;39900;SNACKPACK_STRAWBERRY;10184;38;10182;53;;;10201;38;10203;53;;;10192.5;0.0
2;40000;SNACKPACK_STRAWBERRY;10183;38;10181;45;;;10200;38;10202;45;;;10191.5;0.0
2;40100;SNACKPACK_STRAWBERRY;10196;26;10194;51;;;10213;26;10215;51;;;10204.5;0.0
2;40200;SNACKPACK_STRAWBERRY;10195;21;10193;42;;;10213;21;10215;42;;;10204.0;0.0
2;40300;SNACKPACK_STRAWBERRY;10192;27;10190;42;;;10210;27;10212;42;;;10201.0;0.0
2;40400;SNACKPACK_STRAWBERRY;10195;39;10193;59;;;10212;39;10214;59;;;10203.5;0.0
2;40500;SNACKPACK_STRAWBERRY;10192;28;10190;41;;;10210;28;10212;41;;;10201.0;0.0
2;40600;SNACKPACK_STRAWBERRY;10192;38;10190;48;;;10209;38;10211;48;;;10200.5;0.0
2;40700;SNACKPACK_STRAWBERRY;10193;24;10191;57;;;10210;24;10212;57;;;10201.5;0.0
2;40800;SNACKPACK_STRAWBERRY;10196;39;10194;51;;;10213;39;10215;51;;;10204.5;0.0
2;40900;SNACKPACK_STRAWBERRY;10198;28;10196;42;;;10215;28;10217;42;;;10206.5;0.0
2;41000;SNACKPACK_STRAWBERRY;10201;33;10199;50;;;10218;33;10221;50;;;10209.5;0.0
2;41100;SNACKPACK_STRAWBERRY;10215;6;10207;28;10205;44;10224;28;10226;44;;;10219.5;0.0
2;41200;SNACKPACK_STRAWBERRY;10201;23;10198;51;;;10218;23;10220;51;;;10209.5;0.0
2;41300;SNACKPACK_STRAWBERRY;10199;25;10197;50;;;10217;25;10219;50;;;10208.0;0.0
2;41400;SNACKPACK_STRAWBERRY;10196;30;10194;42;;;10213;30;10215;42;;;10204.5;0.0
2;41500;SNACKPACK_STRAWBERRY;10186;29;10184;42;;;10204;29;10206;42;;;10195.0;0.0
2;41600;SNACKPACK_STRAWBERRY;10181;22;10179;51;;;10198;22;10200;51;;;10189.5;0.0
2;41700;SNACKPACK_STRAWBERRY;10158;27;10156;60;;;10175;27;10177;60;;;10166.5;0.0
2;41800;SNACKPACK_STRAWBERRY;10148;30;10146;46;;;10165;30;10167;46;;;10156.5;0.0
2;41900;SNACKPACK_STRAWBERRY;10141;30;10138;57;;;10158;30;10160;57;;;10149.5;0.0
2;42000;SNACKPACK_STRAWBERRY;10139;22;10137;44;;;10156;22;10158;44;;;10147.5;0.0
2;42100;SNACKPACK_STRAWBERRY;10144;36;10142;41;;;10161;36;10163;41;;;10152.5;0.0
2;42200;SNACKPACK_STRAWBERRY;10133;39;10131;60;;;10150;39;10152;60;;;10141.5;0.0
2;42300;SNACKPACK_STRAWBERRY;10135;21;10133;48;;;10153;21;10155;48;;;10144.0;0.0
2;42400;SNACKPACK_STRAWBERRY;10135;23;10133;50;;;10152;23;10154;50;;;10143.5;0.0
2;42500;SNACKPACK_STRAWBERRY;10144;40;10142;49;;;10161;40;10163;49;;;10152.5;0.0
2;42600;SNACKPACK_STRAWBERRY;10156;35;10154;44;;;10173;35;10175;44;;;10164.5;0.0
2;42700;SNACKPACK_STRAWBERRY;10160;24;10158;45;;;10178;24;10180;45;;;10169.0;0.0
2;42800;SNACKPACK_STRAWBERRY;10162;34;10160;54;;;10179;34;10181;54;;;10170.5;0.0
2;42900;SNACKPACK_STRAWBERRY;10152;20;10150;43;;;10169;20;10172;43;;;10160.5;0.0
2;43000;SNACKPACK_STRAWBERRY;10142;22;10140;53;;;10159;22;10161;53;;;10150.5;0.0
2;43100;SNACKPACK_STRAWBERRY;10135;25;10133;40;;;10153;25;10155;40;;;10144.0;0.0
2;43200;SNACKPACK_STRAWBERRY;10131;34;10129;47;;;10148;34;10150;47;;;10139.5;0.0
2;43300;SNACKPACK_STRAWBERRY;10133;32;10131;44;;;10150;32;10152;44;;;10141.5;0.0
2;43400;SNACKPACK_STRAWBERRY;10136;31;10134;50;;;10153;31;10155;50;;;10144.5;0.0
2;43500;SNACKPACK_STRAWBERRY;10122;31;10120;58;;;10140;31;10142;58;;;10131.0;0.0
2;43600;SNACKPACK_STRAWBERRY;10125;31;10123;54;;;10143;31;10145;54;;;10134.0;0.0
2;43700;SNACKPACK_STRAWBERRY;10106;37;10104;48;;;10123;37;10125;48;;;10114.5;0.0
2;43800;SNACKPACK_STRAWBERRY;10118;32;10116;52;;;10135;32;10137;52;;;10126.5;0.0
2;43900;SNACKPACK_STRAWBERRY;10118;22;10116;55;;;10135;22;10137;55;;;10126.5;0.0
2;44000;SNACKPACK_STRAWBERRY;10125;38;10123;58;;;10133;4;10142;38;10145;58;10129.0;0.0
2;44100;SNACKPACK_STRAWBERRY;10121;38;10119;42;;;10138;38;10140;42;;;10129.5;0.0
2;44200;SNACKPACK_STRAWBERRY;10120;22;10118;42;;;10137;22;10139;42;;;10128.5;0.0
2;44300;SNACKPACK_STRAWBERRY;10108;21;10106;40;;;10126;21;10128;40;;;10117.0;0.0
2;44400;SNACKPACK_STRAWBERRY;10109;39;10107;57;;;10126;39;10128;57;;;10117.5;0.0
2;44500;SNACKPACK_STRAWBERRY;10102;35;10100;47;;;10119;35;10121;47;;;10110.5;0.0
2;44600;SNACKPACK_STRAWBERRY;10122;23;10120;40;;;10139;23;10141;40;;;10130.5;0.0
2;44700;SNACKPACK_STRAWBERRY;10114;23;10112;51;;;10131;23;10133;51;;;10122.5;0.0
2;44800;SNACKPACK_STRAWBERRY;10111;39;10109;51;;;10128;39;10130;51;;;10119.5;0.0
2;44900;SNACKPACK_STRAWBERRY;10111;30;10109;54;;;10128;30;10131;54;;;10119.5;0.0
2;45000;SNACKPACK_STRAWBERRY;10099;29;10097;41;;;10117;29;10119;41;;;10108.0;0.0
2;45100;SNACKPACK_STRAWBERRY;10119;3;10111;20;10109;41;10128;20;10130;41;;;10123.5;0.0
2;45200;SNACKPACK_STRAWBERRY;10107;22;10105;59;;;10124;22;10126;59;;;10115.5;0.0
2;45300;SNACKPACK_STRAWBERRY;10107;32;10105;49;;;10124;32;10126;49;;;10115.5;0.0
2;45400;SNACKPACK_STRAWBERRY;10103;25;10101;40;;;10120;25;10122;40;;;10111.5;0.0
2;45500;SNACKPACK_STRAWBERRY;10104;31;10102;46;;;10121;31;10123;46;;;10112.5;0.0
2;45600;SNACKPACK_STRAWBERRY;10095;39;10093;41;;;10113;39;10115;41;;;10104.0;0.0
2;45700;SNACKPACK_STRAWBERRY;10101;38;10099;52;;;10118;38;10120;52;;;10109.5;0.0
2;45800;SNACKPACK_STRAWBERRY;10122;35;10120;45;;;10139;35;10141;45;;;10130.5;0.0
2;45900;SNACKPACK_STRAWBERRY;10131;32;10129;54;;;10148;32;10150;54;;;10139.5;0.0
2;46000;SNACKPACK_STRAWBERRY;10151;33;10149;55;;;10168;33;10170;55;;;10159.5;0.0
2;46100;SNACKPACK_STRAWBERRY;10150;20;10148;57;;;10167;20;10169;57;;;10158.5;0.0
2;46200;SNACKPACK_STRAWBERRY;10153;21;10151;45;;;10170;21;10172;45;;;10161.5;0.0
2;46300;SNACKPACK_STRAWBERRY;10154;37;10152;50;;;10172;37;10174;50;;;10163.0;0.0
2;46400;SNACKPACK_STRAWBERRY;10154;35;10152;53;;;10171;35;10173;53;;;10162.5;0.0
2;46500;SNACKPACK_STRAWBERRY;10163;26;10161;49;;;10180;26;10182;49;;;10171.5;0.0
2;46600;SNACKPACK_STRAWBERRY;10168;36;10166;47;;;10185;36;10187;47;;;10176.5;0.0
2;46700;SNACKPACK_STRAWBERRY;10151;25;10149;45;;;10168;25;10170;45;;;10159.5;0.0
2;46800;SNACKPACK_STRAWBERRY;10150;31;10148;58;;;10167;31;10169;58;;;10158.5;0.0
2;46900;SNACKPACK_STRAWBERRY;10146;29;10143;50;;;10163;29;10165;50;;;10154.5;0.0
2;47000;SNACKPACK_STRAWBERRY;10141;36;10139;52;;;10158;36;10160;52;;;10149.5;0.0
2;47100;SNACKPACK_STRAWBERRY;10135;26;10133;50;;;10152;26;10154;50;;;10143.5;0.0
2;47200;SNACKPACK_STRAWBERRY;10134;20;10132;56;;;10151;20;10153;56;;;10142.5;0.0
2;47300;SNACKPACK_STRAWBERRY;10129;33;10127;41;;;10146;33;10148;41;;;10137.5;0.0
2;47400;SNACKPACK_STRAWBERRY;10136;27;10134;53;;;10153;27;10155;53;;;10144.5;0.0
2;47500;SNACKPACK_STRAWBERRY;10127;25;10125;54;;;10144;25;10146;54;;;10135.5;0.0
2;47600;SNACKPACK_STRAWBERRY;10129;33;10127;47;;;10146;33;10149;47;;;10137.5;0.0
2;47700;SNACKPACK_STRAWBERRY;10139;21;10137;54;;;10157;21;10159;54;;;10148.0;0.0
2;47800;SNACKPACK_STRAWBERRY;10149;32;10147;43;;;10166;32;10168;43;;;10157.5;0.0
2;47900;SNACKPACK_STRAWBERRY;10138;35;10136;56;;;10155;35;10157;56;;;10146.5;0.0
2;48000;SNACKPACK_STRAWBERRY;10150;36;10148;57;;;10167;36;10169;57;;;10158.5;0.0
2;48100;SNACKPACK_STRAWBERRY;10149;23;10147;56;;;10166;23;10168;56;;;10157.5;0.0
2;48200;SNACKPACK_STRAWBERRY;10140;33;10138;50;;;10157;33;10159;50;;;10148.5;0.0
2;48300;SNACKPACK_STRAWBERRY;10150;40;10148;42;;;10167;40;10169;42;;;10158.5;0.0
2;48400;SNACKPACK_STRAWBERRY;10159;26;10156;52;;;10176;26;10178;52;;;10167.5;0.0
2;48500;SNACKPACK_STRAWBERRY;10177;39;10175;43;;;10194;39;10196;43;;;10185.5;0.0
2;48600;SNACKPACK_STRAWBERRY;10191;34;10189;44;;;10208;34;10210;44;;;10199.5;0.0
2;48700;SNACKPACK_STRAWBERRY;10188;29;10186;54;;;10206;29;10208;54;;;10197.0;0.0
2;48800;SNACKPACK_STRAWBERRY;10189;38;10187;41;;;10207;38;10209;41;;;10198.0;0.0
2;48900;SNACKPACK_STRAWBERRY;10189;27;10187;43;;;10206;27;10208;43;;;10197.5;0.0
2;49000;SNACKPACK_STRAWBERRY;10186;26;10184;42;;;10203;26;10205;42;;;10194.5;0.0
2;49100;SNACKPACK_STRAWBERRY;10180;21;10178;49;;;10198;21;10200;49;;;10189.0;0.0
2;49200;SNACKPACK_STRAWBERRY;10188;32;10186;40;;;10205;32;10207;40;;;10196.5;0.0
2;49300;SNACKPACK_STRAWBERRY;10197;38;10195;43;;;10214;38;10216;43;;;10205.5;0.0
2;49400;SNACKPACK_STRAWBERRY;10199;31;10197;47;;;10207;4;10216;31;10218;47;10203.0;0.0
2;49500;SNACKPACK_STRAWBERRY;10195;34;10193;53;;;10212;34;10215;53;;;10203.5;0.0
2;49600;SNACKPACK_STRAWBERRY;10193;39;10191;44;;;10210;39;10212;44;;;10201.5;0.0
2;49700;SNACKPACK_STRAWBERRY;10189;39;10187;42;;;10206;39;10208;42;;;10197.5;0.0
2;49800;SNACKPACK_STRAWBERRY;10218;3;10210;23;10208;59;10227;23;10229;59;;;10222.5;0.0
2;49900;SNACKPACK_STRAWBERRY;10207;22;10205;50;;;10225;22;10227;50;;;10216.0;0.0
2;50000;SNACKPACK_STRAWBERRY;10221;31;10219;60;;;10239;31;10241;60;;;10230.0;0.0
2;50100;SNACKPACK_STRAWBERRY;10216;36;10214;51;;;10233;36;10235;51;;;10224.5;0.0
2;50200;SNACKPACK_STRAWBERRY;10212;39;10209;59;;;10229;39;10231;59;;;10220.5;0.0
2;50300;SNACKPACK_STRAWBERRY;10209;29;10207;49;;;10226;29;10228;49;;;10217.5;0.0
2;50400;SNACKPACK_STRAWBERRY;10205;20;10203;41;;;10223;20;10225;41;;;10214.0;0.0
2;50500;SNACKPACK_STRAWBERRY;10211;35;10209;49;;;10228;35;10230;49;;;10219.5;0.0
2;50600;SNACKPACK_STRAWBERRY;10214;24;10212;58;;;10231;24;10233;58;;;10222.5;0.0
2;50700;SNACKPACK_STRAWBERRY;10223;35;10221;45;;;10240;35;10242;45;;;10231.5;0.0
2;50800;SNACKPACK_STRAWBERRY;10213;32;10211;49;;;10230;32;10232;49;;;10221.5;0.0
2;50900;SNACKPACK_STRAWBERRY;10209;23;10207;47;;;10226;23;10228;47;;;10217.5;0.0
2;51000;SNACKPACK_STRAWBERRY;10205;29;10203;54;;;10222;29;10224;54;;;10213.5;0.0
2;51100;SNACKPACK_STRAWBERRY;10208;20;10206;55;;;10225;20;10227;55;;;10216.5;0.0
2;51200;SNACKPACK_STRAWBERRY;10207;29;10205;47;;;10224;29;10226;47;;;10215.5;0.0
2;51300;SNACKPACK_STRAWBERRY;10216;38;10214;60;;;10233;38;10235;60;;;10224.5;0.0
2;51400;SNACKPACK_STRAWBERRY;10207;33;10205;55;;;10225;33;10227;55;;;10216.0;0.0
2;51500;SNACKPACK_STRAWBERRY;10221;24;10219;52;;;10239;24;10241;52;;;10230.0;0.0
2;51600;SNACKPACK_STRAWBERRY;10214;28;10212;45;;;10232;28;10234;45;;;10223.0;0.0
2;51700;SNACKPACK_STRAWBERRY;10216;39;10214;59;;;10233;39;10235;59;;;10224.5;0.0
2;51800;SNACKPACK_STRAWBERRY;10228;32;10226;56;;;10245;32;10247;56;;;10236.5;0.0
2;51900;SNACKPACK_STRAWBERRY;10225;20;10223;56;;;10243;20;10245;56;;;10234.0;0.0
2;52000;SNACKPACK_STRAWBERRY;10227;38;10225;42;;;10245;38;10247;42;;;10236.0;0.0
2;52100;SNACKPACK_STRAWBERRY;10226;23;10224;47;;;10244;23;10246;47;;;10235.0;0.0
2;52200;SNACKPACK_STRAWBERRY;10227;21;10225;55;;;10244;21;10246;55;;;10235.5;0.0
2;52300;SNACKPACK_STRAWBERRY;10220;28;10218;50;;;10237;28;10240;50;;;10228.5;0.0
2;52400;SNACKPACK_STRAWBERRY;10206;40;10204;44;;;10223;40;10225;44;;;10214.5;0.0
2;52500;SNACKPACK_STRAWBERRY;10213;40;10211;46;;;10230;40;10232;46;;;10221.5;0.0
2;52600;SNACKPACK_STRAWBERRY;10213;36;10211;45;;;10231;36;10233;45;;;10222.0;0.0
2;52700;SNACKPACK_STRAWBERRY;10211;37;10209;50;;;10228;37;10230;50;;;10219.5;0.0
2;52800;SNACKPACK_STRAWBERRY;10220;20;10218;50;;;10237;20;10239;50;;;10228.5;0.0
2;52900;SNACKPACK_STRAWBERRY;10212;35;10210;42;;;10229;35;10231;42;;;10220.5;0.0
2;53000;SNACKPACK_STRAWBERRY;10209;27;10207;60;;;10226;27;10228;60;;;10217.5;0.0
2;53100;SNACKPACK_STRAWBERRY;10197;28;10195;46;;;10215;28;10217;46;;;10206.0;0.0
2;53200;SNACKPACK_STRAWBERRY;10190;23;10188;49;;;10207;23;10209;49;;;10198.5;0.0
2;53300;SNACKPACK_STRAWBERRY;10183;33;10181;55;;;10200;33;10202;55;;;10191.5;0.0
2;53400;SNACKPACK_STRAWBERRY;10193;34;10191;59;;;10211;34;10213;59;;;10202.0;0.0
2;53500;SNACKPACK_STRAWBERRY;10198;21;10196;52;;;10215;21;10217;52;;;10206.5;0.0
2;53600;SNACKPACK_STRAWBERRY;10190;40;10188;55;;;10207;40;10209;55;;;10198.5;0.0
2;53700;SNACKPACK_STRAWBERRY;10188;35;10186;57;;;10205;35;10207;57;;;10196.5;0.0
2;53800;SNACKPACK_STRAWBERRY;10200;37;10198;49;;;10217;37;10219;49;;;10208.5;0.0
2;53900;SNACKPACK_STRAWBERRY;10194;31;10192;50;;;10212;31;10214;50;;;10203.0;0.0
2;54000;SNACKPACK_STRAWBERRY;10210;22;10208;47;;;10227;22;10229;47;;;10218.5;0.0
2;54100;SNACKPACK_STRAWBERRY;10218;28;10216;49;;;10235;28;10237;49;;;10226.5;0.0
2;54200;SNACKPACK_STRAWBERRY;10223;25;10221;45;;;10240;25;10243;45;;;10231.5;0.0
2;54300;SNACKPACK_STRAWBERRY;10237;39;10235;40;;;10255;39;10257;40;;;10246.0;0.0
2;54400;SNACKPACK_STRAWBERRY;10241;36;10239;49;;;10258;36;10260;49;;;10249.5;0.0
2;54500;SNACKPACK_STRAWBERRY;10238;36;10236;48;;;10255;36;10257;48;;;10246.5;0.0
2;54600;SNACKPACK_STRAWBERRY;10236;26;10234;60;;;10254;26;10256;60;;;10245.0;0.0
2;54700;SNACKPACK_STRAWBERRY;10237;32;10235;57;;;10254;32;10257;57;;;10245.5;0.0
2;54800;SNACKPACK_STRAWBERRY;10234;36;10232;40;;;10251;36;10253;40;;;10242.5;0.0
2;54900;SNACKPACK_STRAWBERRY;10240;38;10238;46;;;10258;38;10260;46;;;10249.0;0.0
2;55000;SNACKPACK_STRAWBERRY;10244;24;10242;46;;;10262;24;10264;46;;;10253.0;0.0
2;55100;SNACKPACK_STRAWBERRY;10236;30;10234;52;;;10253;30;10255;52;;;10244.5;0.0
2;55200;SNACKPACK_STRAWBERRY;10250;20;10248;53;;;10267;20;10269;53;;;10258.5;0.0
2;55300;SNACKPACK_STRAWBERRY;10265;38;10263;53;;;10282;38;10284;53;;;10273.5;0.0
2;55400;SNACKPACK_STRAWBERRY;10276;23;10273;43;;;10293;23;10295;43;;;10284.5;0.0
2;55500;SNACKPACK_STRAWBERRY;10286;35;10284;51;;;10303;35;10306;51;;;10294.5;0.0
2;55600;SNACKPACK_STRAWBERRY;10272;21;10270;49;;;10290;21;10292;49;;;10281.0;0.0
2;55700;SNACKPACK_STRAWBERRY;10273;26;10271;58;;;10291;26;10293;58;;;10282.0;0.0
2;55800;SNACKPACK_STRAWBERRY;10278;26;10276;43;;;10295;26;10297;43;;;10286.5;0.0
2;55900;SNACKPACK_STRAWBERRY;10288;32;10286;51;;;10306;32;10308;51;;;10297.0;0.0
2;56000;SNACKPACK_STRAWBERRY;10290;23;10288;46;;;10308;23;10310;46;;;10299.0;0.0
2;56100;SNACKPACK_STRAWBERRY;10300;32;10298;52;;;10318;32;10320;52;;;10309.0;0.0
2;56200;SNACKPACK_STRAWBERRY;10301;29;10299;45;;;10318;29;10320;45;;;10309.5;0.0
2;56300;SNACKPACK_STRAWBERRY;10305;21;10303;44;;;10323;21;10325;44;;;10314.0;0.0
2;56400;SNACKPACK_STRAWBERRY;10316;36;10314;51;;;10333;36;10335;51;;;10324.5;0.0
2;56500;SNACKPACK_STRAWBERRY;10320;34;10318;58;;;10337;34;10339;58;;;10328.5;0.0
2;56600;SNACKPACK_STRAWBERRY;10319;22;10317;40;;;10336;22;10338;40;;;10327.5;0.0
2;56700;SNACKPACK_STRAWBERRY;10323;26;10321;41;;;10341;26;10343;41;;;10332.0;0.0
2;56800;SNACKPACK_STRAWBERRY;10313;39;10311;46;;;10330;39;10333;46;;;10321.5;0.0
2;56900;SNACKPACK_STRAWBERRY;10303;29;10301;44;;;10321;29;10323;44;;;10312.0;0.0
2;57000;SNACKPACK_STRAWBERRY;10302;24;10299;49;;;10319;24;10321;49;;;10310.5;0.0
2;57100;SNACKPACK_STRAWBERRY;10291;29;10289;52;;;10308;29;10310;52;;;10299.5;0.0
2;57200;SNACKPACK_STRAWBERRY;10285;31;10283;60;;;10302;31;10305;60;;;10293.5;0.0
2;57300;SNACKPACK_STRAWBERRY;10284;20;10282;44;;;10302;20;10304;44;;;10293.0;0.0
2;57400;SNACKPACK_STRAWBERRY;10293;22;10291;56;;;10311;22;10313;56;;;10302.0;0.0
2;57500;SNACKPACK_STRAWBERRY;10283;28;10281;46;;;10300;28;10302;46;;;10291.5;0.0
2;57600;SNACKPACK_STRAWBERRY;10286;37;10284;60;;;10303;37;10305;60;;;10294.5;0.0
2;57700;SNACKPACK_STRAWBERRY;10308;20;10306;53;;;10325;20;10328;53;;;10316.5;0.0
2;57800;SNACKPACK_STRAWBERRY;10299;34;10297;40;;;10317;34;10319;40;;;10308.0;0.0
2;57900;SNACKPACK_STRAWBERRY;10316;27;10314;42;;;10333;27;10335;42;;;10324.5;0.0
2;58000;SNACKPACK_STRAWBERRY;10309;38;10307;57;;;10326;38;10328;57;;;10317.5;0.0
2;58100;SNACKPACK_STRAWBERRY;10319;32;10317;51;;;10337;32;10339;51;;;10328.0;0.0
2;58200;SNACKPACK_STRAWBERRY;10327;28;10325;54;;;10345;28;10347;54;;;10336.0;0.0
2;58300;SNACKPACK_STRAWBERRY;10342;6;10333;26;10331;59;10351;26;10353;59;;;10346.5;0.0
2;58400;SNACKPACK_STRAWBERRY;10324;30;10322;57;;;10341;30;10343;57;;;10332.5;0.0
2;58500;SNACKPACK_STRAWBERRY;10335;28;10332;59;;;10352;28;10354;59;;;10343.5;0.0
2;58600;SNACKPACK_STRAWBERRY;10339;39;10337;42;;;10357;39;10359;42;;;10348.0;0.0
2;58700;SNACKPACK_STRAWBERRY;10321;38;10319;45;;;10339;38;10341;45;;;10330.0;0.0
2;58800;SNACKPACK_STRAWBERRY;10314;29;10312;47;;;10332;29;10334;47;;;10323.0;0.0
2;58900;SNACKPACK_STRAWBERRY;10310;34;10308;52;;;10328;34;10330;52;;;10319.0;0.0
2;59000;SNACKPACK_STRAWBERRY;10308;39;10306;58;;;10325;39;10327;58;;;10316.5;0.0
2;59100;SNACKPACK_STRAWBERRY;10293;23;10291;43;;;10311;23;10313;43;;;10302.0;0.0
2;59200;SNACKPACK_STRAWBERRY;10281;33;10279;42;;;10298;33;10300;42;;;10289.5;0.0
2;59300;SNACKPACK_STRAWBERRY;10279;33;10277;52;;;10296;33;10298;52;;;10287.5;0.0
2;59400;SNACKPACK_STRAWBERRY;10279;34;10277;46;;;10296;34;10298;46;;;10287.5;0.0
2;59500;SNACKPACK_STRAWBERRY;10278;32;10276;47;;;10295;32;10297;47;;;10286.5;0.0
2;59600;SNACKPACK_STRAWBERRY;10277;31;10275;54;;;10294;31;10296;54;;;10285.5;0.0
2;59700;SNACKPACK_STRAWBERRY;10278;29;10276;44;;;10295;29;10297;44;;;10286.5;0.0
2;59800;SNACKPACK_STRAWBERRY;10275;38;10273;40;;;10292;38;10294;40;;;10283.5;0.0
2;59900;SNACKPACK_STRAWBERRY;10272;28;10270;56;;;10289;28;10291;56;;;10280.5;0.0
2;60000;SNACKPACK_STRAWBERRY;10274;33;10272;46;;;10292;33;10294;46;;;10283.0;0.0
2;60100;SNACKPACK_STRAWBERRY;10267;28;10265;54;;;10285;28;10287;54;;;10276.0;0.0
2;60200;SNACKPACK_STRAWBERRY;10278;36;10276;44;;;10296;36;10298;44;;;10287.0;0.0
2;60300;SNACKPACK_STRAWBERRY;10286;21;10284;43;;;10303;21;10305;43;;;10294.5;0.0
2;60400;SNACKPACK_STRAWBERRY;10299;26;10297;47;;;10316;26;10318;47;;;10307.5;0.0
2;60500;SNACKPACK_STRAWBERRY;10295;31;10293;51;;;10313;31;10315;51;;;10304.0;0.0
2;60600;SNACKPACK_STRAWBERRY;10289;21;10286;46;;;10306;21;10308;46;;;10297.5;0.0
2;60700;SNACKPACK_STRAWBERRY;10292;5;10283;22;10281;42;10301;22;10303;42;;;10296.5;0.0
2;60800;SNACKPACK_STRAWBERRY;10280;38;10278;56;;;10298;38;10300;56;;;10289.0;0.0
2;60900;SNACKPACK_STRAWBERRY;10287;22;10285;53;;;10304;22;10307;53;;;10295.5;0.0
2;61000;SNACKPACK_STRAWBERRY;10284;33;10282;44;;;10302;33;10304;44;;;10293.0;0.0
2;61100;SNACKPACK_STRAWBERRY;10294;33;10292;55;;;10312;33;10314;55;;;10303.0;0.0
2;61200;SNACKPACK_STRAWBERRY;10296;28;10294;50;;;10313;28;10315;50;;;10304.5;0.0
2;61300;SNACKPACK_STRAWBERRY;10294;39;10292;47;;;10311;39;10313;47;;;10302.5;0.0
2;61400;SNACKPACK_STRAWBERRY;10291;20;10289;46;;;10309;20;10311;46;;;10300.0;0.0
2;61500;SNACKPACK_STRAWBERRY;10298;24;10296;50;;;10315;24;10317;50;;;10306.5;0.0
2;61600;SNACKPACK_STRAWBERRY;10298;28;10295;54;;;10315;28;10317;54;;;10306.5;0.0
2;61700;SNACKPACK_STRAWBERRY;10287;37;10285;56;;;10305;37;10307;56;;;10296.0;0.0
2;61800;SNACKPACK_STRAWBERRY;10285;25;10283;55;;;10303;25;10305;55;;;10294.0;0.0
2;61900;SNACKPACK_STRAWBERRY;10293;30;10291;42;;;10311;30;10313;42;;;10302.0;0.0
2;62000;SNACKPACK_STRAWBERRY;10307;30;10305;52;;;10324;30;10326;52;;;10315.5;0.0
2;62100;SNACKPACK_STRAWBERRY;10306;33;10304;46;;;10324;33;10326;46;;;10315.0;0.0
2;62200;SNACKPACK_STRAWBERRY;10305;34;10303;42;;;10322;34;10324;42;;;10313.5;0.0
2;62300;SNACKPACK_STRAWBERRY;10304;36;10302;58;;;10322;36;10324;58;;;10313.0;0.0
2;62400;SNACKPACK_STRAWBERRY;10306;34;10304;53;;;10323;34;10325;53;;;10314.5;0.0
2;62500;SNACKPACK_STRAWBERRY;10309;39;10307;54;;;10326;39;10328;54;;;10317.5;0.0
2;62600;SNACKPACK_STRAWBERRY;10317;22;10315;50;;;10334;22;10336;50;;;10325.5;0.0
2;62700;SNACKPACK_STRAWBERRY;10308;38;10306;43;;;10325;38;10327;43;;;10316.5;0.0
2;62800;SNACKPACK_STRAWBERRY;10308;40;10306;49;;;10325;40;10327;49;;;10316.5;0.0
2;62900;SNACKPACK_STRAWBERRY;10296;32;10294;47;;;10314;32;10316;47;;;10305.0;0.0
2;63000;SNACKPACK_STRAWBERRY;10296;26;10294;46;;;10313;26;10315;46;;;10304.5;0.0
2;63100;SNACKPACK_STRAWBERRY;10294;36;10292;50;;;10311;36;10313;50;;;10302.5;0.0
2;63200;SNACKPACK_STRAWBERRY;10278;26;10276;55;;;10295;26;10297;55;;;10286.5;0.0
2;63300;SNACKPACK_STRAWBERRY;10285;27;10283;59;;;10302;27;10304;59;;;10293.5;0.0
2;63400;SNACKPACK_STRAWBERRY;10273;23;10271;52;;;10290;23;10292;52;;;10281.5;0.0
2;63500;SNACKPACK_STRAWBERRY;10275;20;10273;59;;;10292;20;10295;59;;;10283.5;0.0
2;63600;SNACKPACK_STRAWBERRY;10270;35;10268;49;;;10288;35;10290;49;;;10279.0;0.0
2;63700;SNACKPACK_STRAWBERRY;10256;32;10254;52;;;10273;32;10275;52;;;10264.5;0.0
2;63800;SNACKPACK_STRAWBERRY;10242;34;10240;57;;;10259;34;10261;57;;;10250.5;0.0
2;63900;SNACKPACK_STRAWBERRY;10250;27;10248;54;;;10267;27;10269;54;;;10258.5;0.0
2;64000;SNACKPACK_STRAWBERRY;10242;36;10240;56;;;10259;36;10261;56;;;10250.5;0.0
2;64100;SNACKPACK_STRAWBERRY;10244;23;10242;57;;;10261;23;10263;57;;;10252.5;0.0
2;64200;SNACKPACK_STRAWBERRY;10252;23;10250;46;;;10270;23;10272;46;;;10261.0;0.0
2;64300;SNACKPACK_STRAWBERRY;10244;40;10242;59;;;10262;40;10264;59;;;10253.0;0.0
2;64400;SNACKPACK_STRAWBERRY;10250;34;10248;52;;;10268;34;10270;52;;;10259.0;0.0
2;64500;SNACKPACK_STRAWBERRY;10262;26;10260;58;;;10279;26;10281;58;;;10270.5;0.0
2;64600;SNACKPACK_STRAWBERRY;10250;22;10248;51;;;10267;22;10269;51;;;10258.5;0.0
2;64700;SNACKPACK_STRAWBERRY;10251;35;10249;44;;;10268;35;10270;44;;;10259.5;0.0
2;64800;SNACKPACK_STRAWBERRY;10246;37;10244;45;;;10263;37;10265;45;;;10254.5;0.0
2;64900;SNACKPACK_STRAWBERRY;10231;26;10229;59;;;10249;26;10251;59;;;10240.0;0.0
2;65000;SNACKPACK_STRAWBERRY;10227;23;10225;55;;;10244;23;10246;55;;;10235.5;0.0
2;65100;SNACKPACK_STRAWBERRY;10222;21;10220;51;;;10239;21;10241;51;;;10230.5;0.0
2;65200;SNACKPACK_STRAWBERRY;10212;35;10210;54;;;10229;35;10231;54;;;10220.5;0.0
2;65300;SNACKPACK_STRAWBERRY;10205;24;10203;56;;;10223;24;10225;56;;;10214.0;0.0
2;65400;SNACKPACK_STRAWBERRY;10212;21;10210;58;;;10229;21;10231;58;;;10220.5;0.0
2;65500;SNACKPACK_STRAWBERRY;10226;23;10224;41;;;10243;23;10245;41;;;10234.5;0.0
2;65600;SNACKPACK_STRAWBERRY;10221;31;10219;42;;;10239;31;10241;42;;;10230.0;0.0
2;65700;SNACKPACK_STRAWBERRY;10227;30;10225;44;;;10245;30;10247;44;;;10236.0;0.0
2;65800;SNACKPACK_STRAWBERRY;10222;35;10219;41;;;10239;35;10241;41;;;10230.5;0.0
2;65900;SNACKPACK_STRAWBERRY;10223;23;10221;51;;;10240;23;10242;51;;;10231.5;0.0
2;66000;SNACKPACK_STRAWBERRY;10225;20;10223;45;;;10242;20;10244;45;;;10233.5;0.0
2;66100;SNACKPACK_STRAWBERRY;10215;29;10213;55;;;10232;29;10234;55;;;10223.5;0.0
2;66200;SNACKPACK_STRAWBERRY;10222;25;10220;56;;;10240;25;10242;56;;;10231.0;0.0
2;66300;SNACKPACK_STRAWBERRY;10219;36;10217;52;;;10237;36;10239;52;;;10228.0;0.0
2;66400;SNACKPACK_STRAWBERRY;10227;28;10225;49;;;10244;28;10246;49;;;10235.5;0.0
2;66500;SNACKPACK_STRAWBERRY;10231;39;10229;48;;;10248;39;10250;48;;;10239.5;0.0
2;66600;SNACKPACK_STRAWBERRY;10218;35;10216;58;;;10235;35;10237;58;;;10226.5;0.0
2;66700;SNACKPACK_STRAWBERRY;10222;40;10220;58;;;10239;40;10241;58;;;10230.5;0.0
2;66800;SNACKPACK_STRAWBERRY;10223;36;10221;44;;;10240;36;10242;44;;;10231.5;0.0
2;66900;SNACKPACK_STRAWBERRY;10223;26;10221;54;;;10240;26;10242;54;;;10231.5;0.0
2;67000;SNACKPACK_STRAWBERRY;10221;38;10219;42;;;10238;38;10241;42;;;10229.5;0.0
2;67100;SNACKPACK_STRAWBERRY;10218;25;10216;48;;;10236;25;10238;48;;;10227.0;0.0
2;67200;SNACKPACK_STRAWBERRY;10209;35;10207;40;;;10226;35;10228;40;;;10217.5;0.0
2;67300;SNACKPACK_STRAWBERRY;10209;26;10207;47;;;10227;26;10229;47;;;10218.0;0.0
2;67400;SNACKPACK_STRAWBERRY;10199;21;10197;54;;;10217;21;10219;54;;;10208.0;0.0
2;67500;SNACKPACK_STRAWBERRY;10198;23;10196;42;;;10216;23;10218;42;;;10207.0;0.0
2;67600;SNACKPACK_STRAWBERRY;10191;31;10189;44;;;10208;31;10210;44;;;10199.5;0.0
2;67700;SNACKPACK_STRAWBERRY;10198;21;10196;54;;;10215;21;10217;54;;;10206.5;0.0
2;67800;SNACKPACK_STRAWBERRY;10193;28;10191;50;;;10210;28;10212;50;;;10201.5;0.0
2;67900;SNACKPACK_STRAWBERRY;10187;33;10185;54;;;10204;33;10207;54;;;10195.5;0.0
2;68000;SNACKPACK_STRAWBERRY;10194;21;10192;41;;;10211;21;10213;41;;;10202.5;0.0
2;68100;SNACKPACK_STRAWBERRY;10212;35;10210;41;;;10230;35;10232;41;;;10221.0;0.0
2;68200;SNACKPACK_STRAWBERRY;10204;24;10202;40;;;10221;24;10223;40;;;10212.5;0.0
2;68300;SNACKPACK_STRAWBERRY;10194;24;10192;42;;;10211;24;10213;42;;;10202.5;0.0
2;68400;SNACKPACK_STRAWBERRY;10194;39;10192;51;;;10211;39;10213;51;;;10202.5;0.0
2;68500;SNACKPACK_STRAWBERRY;10202;29;10200;49;;;10220;29;10222;49;;;10211.0;0.0
2;68600;SNACKPACK_STRAWBERRY;10214;33;10212;53;;;10231;33;10233;53;;;10222.5;0.0
2;68700;SNACKPACK_STRAWBERRY;10220;39;10217;51;;;10237;39;10239;51;;;10228.5;0.0
2;68800;SNACKPACK_STRAWBERRY;10226;38;10224;40;;;10244;38;10246;40;;;10235.0;0.0
2;68900;SNACKPACK_STRAWBERRY;10228;39;10226;58;;;10245;39;10247;58;;;10236.5;0.0
2;69000;SNACKPACK_STRAWBERRY;10229;38;10227;41;;;10247;38;10249;41;;;10238.0;0.0
2;69100;SNACKPACK_STRAWBERRY;10215;21;10213;44;;;10233;21;10235;44;;;10224.0;0.0
2;69200;SNACKPACK_STRAWBERRY;10207;40;10205;58;;;10225;40;10227;58;;;10216.0;0.0
2;69300;SNACKPACK_STRAWBERRY;10204;21;10202;53;;;10222;21;10224;53;;;10213.0;0.0
2;69400;SNACKPACK_STRAWBERRY;10204;24;10202;60;;;10221;24;10224;60;;;10212.5;0.0
2;69500;SNACKPACK_STRAWBERRY;10198;26;10196;59;;;10215;26;10217;59;;;10206.5;0.0
2;69600;SNACKPACK_STRAWBERRY;10209;30;10207;42;;;10226;30;10228;42;;;10217.5;0.0
2;69700;SNACKPACK_STRAWBERRY;10211;34;10209;57;;;10228;34;10230;57;;;10219.5;0.0
2;69800;SNACKPACK_STRAWBERRY;10214;23;10212;51;;;10231;23;10233;51;;;10222.5;0.0
2;69900;SNACKPACK_STRAWBERRY;10199;30;10197;40;;;10216;30;10218;40;;;10207.5;0.0
2;70000;SNACKPACK_STRAWBERRY;10181;29;10179;55;;;10198;29;10200;55;;;10189.5;0.0
2;70100;SNACKPACK_STRAWBERRY;10176;21;10174;52;;;10193;21;10195;52;;;10184.5;0.0
2;70200;SNACKPACK_STRAWBERRY;10164;32;10162;56;;;10181;32;10183;56;;;10172.5;0.0
2;70300;SNACKPACK_STRAWBERRY;10158;24;10156;41;;;10176;24;10178;41;;;10167.0;0.0
2;70400;SNACKPACK_STRAWBERRY;10148;20;10146;52;;;10166;20;10168;52;;;10157.0;0.0
2;70500;SNACKPACK_STRAWBERRY;10152;32;10150;54;;;10170;32;10172;54;;;10161.0;0.0
2;70600;SNACKPACK_STRAWBERRY;10147;20;10145;41;;;10164;20;10166;41;;;10155.5;0.0
2;70700;SNACKPACK_STRAWBERRY;10143;34;10141;50;;;10160;34;10162;50;;;10151.5;0.0
2;70800;SNACKPACK_STRAWBERRY;10138;26;10136;40;;;10155;26;10157;40;;;10146.5;0.0
2;70900;SNACKPACK_STRAWBERRY;10153;2;10145;24;10143;45;10162;24;10164;45;;;10157.5;0.0
2;71000;SNACKPACK_STRAWBERRY;10146;21;10144;47;;;10163;21;10165;47;;;10154.5;0.0
2;71100;SNACKPACK_STRAWBERRY;10150;40;10148;42;;;10167;40;10169;42;;;10158.5;0.0
2;71200;SNACKPACK_STRAWBERRY;10140;30;10138;52;;;10158;30;10160;52;;;10149.0;0.0
2;71300;SNACKPACK_STRAWBERRY;10149;22;10147;49;;;10166;22;10168;49;;;10157.5;0.0
2;71400;SNACKPACK_STRAWBERRY;10136;29;10134;54;;;10154;29;10156;54;;;10145.0;0.0
2;71500;SNACKPACK_STRAWBERRY;10142;31;10140;51;;;10159;31;10161;51;;;10150.5;0.0
2;71600;SNACKPACK_STRAWBERRY;10139;39;10136;43;;;10156;39;10158;43;;;10147.5;0.0
2;71700;SNACKPACK_STRAWBERRY;10135;29;10133;52;;;10152;29;10154;52;;;10143.5;0.0
2;71800;SNACKPACK_STRAWBERRY;10144;26;10142;56;;;10152;5;10161;26;10163;56;10148.0;0.0
2;71900;SNACKPACK_STRAWBERRY;10152;24;10150;58;;;10170;24;10172;58;;;10161.0;0.0
2;72000;SNACKPACK_STRAWBERRY;10146;33;10144;57;;;10163;33;10165;57;;;10154.5;0.0
2;72100;SNACKPACK_STRAWBERRY;10159;34;10157;44;;;10176;34;10178;44;;;10167.5;0.0
2;72200;SNACKPACK_STRAWBERRY;10149;22;10147;57;;;10166;22;10168;57;;;10157.5;0.0
2;72300;SNACKPACK_STRAWBERRY;10152;36;10150;48;;;10170;36;10172;48;;;10161.0;0.0
2;72400;SNACKPACK_STRAWBERRY;10152;30;10150;51;;;10170;30;10172;51;;;10161.0;0.0
2;72500;SNACKPACK_STRAWBERRY;10158;25;10156;48;;;10175;25;10177;48;;;10166.5;0.0
2;72600;SNACKPACK_STRAWBERRY;10159;30;10157;47;;;10177;30;10179;47;;;10168.0;0.0
2;72700;SNACKPACK_STRAWBERRY;10165;3;10157;34;10155;43;10174;34;10176;43;;;10169.5;0.0
2;72800;SNACKPACK_STRAWBERRY;10167;30;10165;55;;;10184;30;10186;55;;;10175.5;0.0
2;72900;SNACKPACK_STRAWBERRY;10160;22;10158;49;;;10177;22;10179;49;;;10168.5;0.0
2;73000;SNACKPACK_STRAWBERRY;10154;28;10151;56;;;10171;28;10173;56;;;10162.5;0.0
2;73100;SNACKPACK_STRAWBERRY;10163;34;10161;56;;;10180;34;10182;56;;;10171.5;0.0
2;73200;SNACKPACK_STRAWBERRY;10162;38;10160;44;;;10179;38;10181;44;;;10170.5;0.0
2;73300;SNACKPACK_STRAWBERRY;10157;30;10155;45;;;10174;30;10176;45;;;10165.5;0.0
2;73400;SNACKPACK_STRAWBERRY;10167;30;10165;48;;;10185;30;10187;48;;;10176.0;0.0
2;73500;SNACKPACK_STRAWBERRY;10147;24;10145;42;;;10164;24;10166;42;;;10155.5;0.0
2;73600;SNACKPACK_STRAWBERRY;10155;38;10152;53;;;10172;38;10174;53;;;10163.5;0.0
2;73700;SNACKPACK_STRAWBERRY;10155;29;10153;56;;;10173;29;10175;56;;;10164.0;0.0
2;73800;SNACKPACK_STRAWBERRY;10160;23;10158;49;;;10177;23;10179;49;;;10168.5;0.0
2;73900;SNACKPACK_STRAWBERRY;10148;33;10146;54;;;10166;33;10168;54;;;10157.0;0.0
2;74000;SNACKPACK_STRAWBERRY;10157;33;10155;56;;;10174;33;10176;56;;;10165.5;0.0
2;74100;SNACKPACK_STRAWBERRY;10155;22;10153;45;;;10172;22;10174;45;;;10163.5;0.0
2;74200;SNACKPACK_STRAWBERRY;10146;31;10144;50;;;10163;31;10165;50;;;10154.5;0.0
2;74300;SNACKPACK_STRAWBERRY;10144;35;10142;45;;;10161;35;10163;45;;;10152.5;0.0
2;74400;SNACKPACK_STRAWBERRY;10161;22;10159;43;;;10178;22;10180;43;;;10169.5;0.0
2;74500;SNACKPACK_STRAWBERRY;10179;35;10177;50;;;10196;35;10198;50;;;10187.5;0.0
2;74600;SNACKPACK_STRAWBERRY;10177;24;10175;55;;;10194;24;10196;55;;;10185.5;0.0
2;74700;SNACKPACK_STRAWBERRY;10181;32;10179;58;;;10198;32;10200;58;;;10189.5;0.0
2;74800;SNACKPACK_STRAWBERRY;10172;30;10170;43;;;10189;30;10191;43;;;10180.5;0.0
2;74900;SNACKPACK_STRAWBERRY;10185;29;10183;60;;;10202;29;10204;60;;;10193.5;0.0
2;75000;SNACKPACK_STRAWBERRY;10178;38;10176;41;;;10196;38;10198;41;;;10187.0;0.0
2;75100;SNACKPACK_STRAWBERRY;10167;23;10165;48;;;10185;23;10187;48;;;10176.0;0.0
2;75200;SNACKPACK_STRAWBERRY;10177;25;10175;58;;;10194;25;10196;58;;;10185.5;0.0
2;75300;SNACKPACK_STRAWBERRY;10193;25;10191;52;;;10210;25;10212;52;;;10201.5;0.0
2;75400;SNACKPACK_STRAWBERRY;10200;30;10198;44;;;10217;30;10219;44;;;10208.5;0.0
2;75500;SNACKPACK_STRAWBERRY;10206;38;10204;54;;;10223;38;10225;54;;;10214.5;0.0
2;75600;SNACKPACK_STRAWBERRY;10191;36;10189;50;;;10208;36;10210;50;;;10199.5;0.0
2;75700;SNACKPACK_STRAWBERRY;10201;27;10199;45;;;10218;27;10220;45;;;10209.5;0.0
2;75800;SNACKPACK_STRAWBERRY;10197;34;10195;42;;;10214;34;10216;42;;;10205.5;0.0
2;75900;SNACKPACK_STRAWBERRY;10190;29;10188;42;;;10208;29;10210;42;;;10199.0;0.0
2;76000;SNACKPACK_STRAWBERRY;10195;25;10193;48;;;10213;25;10215;48;;;10204.0;0.0
2;76100;SNACKPACK_STRAWBERRY;10192;21;10189;40;;;10209;21;10211;40;;;10200.5;0.0
2;76200;SNACKPACK_STRAWBERRY;10190;38;10188;42;;;10208;38;10210;42;;;10199.0;0.0
2;76300;SNACKPACK_STRAWBERRY;10183;28;10181;59;;;10200;28;10202;59;;;10191.5;0.0
2;76400;SNACKPACK_STRAWBERRY;10182;32;10180;50;;;10199;32;10201;50;;;10190.5;0.0
2;76500;SNACKPACK_STRAWBERRY;10179;20;10177;49;;;10196;20;10199;49;;;10187.5;0.0
2;76600;SNACKPACK_STRAWBERRY;10170;37;10168;51;;;10187;37;10189;51;;;10178.5;0.0
2;76700;SNACKPACK_STRAWBERRY;10168;26;10166;60;;;10185;26;10187;60;;;10176.5;0.0
2;76800;SNACKPACK_STRAWBERRY;10156;24;10154;59;;;10174;24;10176;59;;;10165.0;0.0
2;76900;SNACKPACK_STRAWBERRY;10150;27;10148;50;;;10168;27;10170;50;;;10159.0;0.0
2;77000;SNACKPACK_STRAWBERRY;10137;28;10135;58;;;10155;28;10157;58;;;10146.0;0.0
2;77100;SNACKPACK_STRAWBERRY;10125;20;10123;41;;;10142;20;10144;41;;;10133.5;0.0
2;77200;SNACKPACK_STRAWBERRY;10137;29;10135;52;;;10154;29;10156;52;;;10145.5;0.0
2;77300;SNACKPACK_STRAWBERRY;10128;27;10126;51;;;10145;27;10147;51;;;10136.5;0.0
2;77400;SNACKPACK_STRAWBERRY;10130;20;10128;59;;;10147;20;10149;59;;;10138.5;0.0
2;77500;SNACKPACK_STRAWBERRY;10113;20;10111;41;;;10130;20;10132;41;;;10121.5;0.0
2;77600;SNACKPACK_STRAWBERRY;10123;29;10121;49;;;10141;29;10143;49;;;10132.0;0.0
2;77700;SNACKPACK_STRAWBERRY;10126;22;10124;49;;;10144;22;10146;49;;;10135.0;0.0
2;77800;SNACKPACK_STRAWBERRY;10128;31;10126;56;;;10145;31;10147;56;;;10136.5;0.0
2;77900;SNACKPACK_STRAWBERRY;10140;20;10138;42;;;10157;20;10159;42;;;10148.5;0.0
2;78000;SNACKPACK_STRAWBERRY;10139;32;10137;44;;;10156;32;10158;44;;;10147.5;0.0
2;78100;SNACKPACK_STRAWBERRY;10130;33;10128;56;;;10147;33;10149;56;;;10138.5;0.0
2;78200;SNACKPACK_STRAWBERRY;10128;23;10126;49;;;10145;23;10147;49;;;10136.5;0.0
2;78300;SNACKPACK_STRAWBERRY;10121;37;10119;52;;;10138;37;10140;52;;;10129.5;0.0
2;78400;SNACKPACK_STRAWBERRY;10125;37;10123;50;;;10142;37;10144;50;;;10133.5;0.0
2;78500;SNACKPACK_STRAWBERRY;10127;22;10125;56;;;10145;22;10147;56;;;10136.0;0.0
2;78600;SNACKPACK_STRAWBERRY;10121;30;10119;44;;;10138;30;10140;44;;;10129.5;0.0
2;78700;SNACKPACK_STRAWBERRY;10108;21;10106;50;;;10116;3;10125;21;10127;50;10112.0;0.0
2;78800;SNACKPACK_STRAWBERRY;10120;25;10118;44;;;10137;25;10139;44;;;10128.5;0.0
2;78900;SNACKPACK_STRAWBERRY;10134;35;10132;52;;;10151;35;10153;52;;;10142.5;0.0
2;79000;SNACKPACK_STRAWBERRY;10130;29;10128;51;;;10147;29;10149;51;;;10138.5;0.0
2;79100;SNACKPACK_STRAWBERRY;10134;31;10132;59;;;10151;31;10153;59;;;10142.5;0.0
2;79200;SNACKPACK_STRAWBERRY;10129;33;10127;48;;;10146;33;10148;48;;;10137.5;0.0
2;79300;SNACKPACK_STRAWBERRY;10117;23;10115;55;;;10134;23;10136;55;;;10125.5;0.0
2;79400;SNACKPACK_STRAWBERRY;10124;39;10122;47;;;10141;39;10143;47;;;10132.5;0.0
2;79500;SNACKPACK_STRAWBERRY;10117;40;10115;56;;;10134;40;10136;56;;;10125.5;0.0
2;79600;SNACKPACK_STRAWBERRY;10104;24;10102;52;;;10121;24;10123;52;;;10112.5;0.0
2;79700;SNACKPACK_STRAWBERRY;10105;39;10103;55;;;10122;39;10124;55;;;10113.5;0.0
2;79800;SNACKPACK_STRAWBERRY;10108;30;10106;42;;;10125;30;10127;42;;;10116.5;0.0
2;79900;SNACKPACK_STRAWBERRY;10098;23;10096;42;;;10115;23;10117;42;;;10106.5;0.0
2;80000;SNACKPACK_STRAWBERRY;10091;37;10089;59;;;10108;37;10110;59;;;10099.5;0.0
2;80100;SNACKPACK_STRAWBERRY;10102;37;10100;59;;;10120;37;10122;59;;;10111.0;0.0
2;80200;SNACKPACK_STRAWBERRY;10096;25;10094;40;;;10113;25;10115;40;;;10104.5;0.0
2;80300;SNACKPACK_STRAWBERRY;10101;25;10099;51;;;10118;25;10120;51;;;10109.5;0.0
2;80400;SNACKPACK_STRAWBERRY;10110;37;10108;53;;;10128;37;10130;53;;;10119.0;0.0
2;80500;SNACKPACK_STRAWBERRY;10106;37;10104;59;;;10123;37;10125;59;;;10114.5;0.0
2;80600;SNACKPACK_STRAWBERRY;10101;40;10099;48;;;10118;40;10120;48;;;10109.5;0.0
2;80700;SNACKPACK_STRAWBERRY;10110;28;10108;46;;;10128;28;10130;46;;;10119.0;0.0
2;80800;SNACKPACK_STRAWBERRY;10100;36;10098;53;;;10117;36;10119;53;;;10108.5;0.0
2;80900;SNACKPACK_STRAWBERRY;10096;37;10094;54;;;10113;37;10115;54;;;10104.5;0.0
2;81000;SNACKPACK_STRAWBERRY;10093;24;10091;55;;;10110;24;10112;55;;;10101.5;0.0
2;81100;SNACKPACK_STRAWBERRY;10092;37;10090;60;;;10109;37;10111;60;;;10100.5;0.0
2;81200;SNACKPACK_STRAWBERRY;10102;26;10100;52;;;10119;26;10121;52;;;10110.5;0.0
2;81300;SNACKPACK_STRAWBERRY;10095;28;10093;50;;;10113;28;10115;50;;;10104.0;0.0
2;81400;SNACKPACK_STRAWBERRY;10095;34;10093;59;;;10112;34;10114;59;;;10103.5;0.0
2;81500;SNACKPACK_STRAWBERRY;10084;25;10082;41;;;10101;25;10103;41;;;10092.5;0.0
2;81600;SNACKPACK_STRAWBERRY;10083;26;10081;47;;;10100;26;10102;47;;;10091.5;0.0
2;81700;SNACKPACK_STRAWBERRY;10085;28;10083;40;;;10102;28;10104;40;;;10093.5;0.0
2;81800;SNACKPACK_STRAWBERRY;10066;21;10064;43;;;10083;21;10085;43;;;10074.5;0.0
2;81900;SNACKPACK_STRAWBERRY;10063;30;10061;54;;;10080;30;10082;54;;;10071.5;0.0
2;82000;SNACKPACK_STRAWBERRY;10060;29;10058;48;;;10077;29;10079;48;;;10068.5;0.0
2;82100;SNACKPACK_STRAWBERRY;10071;33;10069;57;;;10088;33;10090;57;;;10079.5;0.0
2;82200;SNACKPACK_STRAWBERRY;10061;32;10059;56;;;10079;32;10081;56;;;10070.0;0.0
2;82300;SNACKPACK_STRAWBERRY;10078;33;10076;51;;;10095;33;10097;51;;;10086.5;0.0
2;82400;SNACKPACK_STRAWBERRY;10067;40;10065;42;;;10084;40;10086;42;;;10075.5;0.0
2;82500;SNACKPACK_STRAWBERRY;10058;36;10056;40;;;10075;36;10077;40;;;10066.5;0.0
2;82600;SNACKPACK_STRAWBERRY;10060;36;10058;47;;;10077;36;10079;47;;;10068.5;0.0
2;82700;SNACKPACK_STRAWBERRY;10053;25;10051;49;;;10070;25;10072;49;;;10061.5;0.0
2;82800;SNACKPACK_STRAWBERRY;10044;21;10042;57;;;10061;21;10063;57;;;10052.5;0.0
2;82900;SNACKPACK_STRAWBERRY;10045;33;10043;41;;;10062;33;10064;41;;;10053.5;0.0
2;83000;SNACKPACK_STRAWBERRY;10048;22;10046;48;;;10065;22;10067;48;;;10056.5;0.0
2;83100;SNACKPACK_STRAWBERRY;10052;37;10050;59;;;10069;37;10071;59;;;10060.5;0.0
2;83200;SNACKPACK_STRAWBERRY;10050;34;10048;59;;;10067;34;10069;59;;;10058.5;0.0
2;83300;SNACKPACK_STRAWBERRY;10036;36;10034;55;;;10053;36;10055;55;;;10044.5;0.0
2;83400;SNACKPACK_STRAWBERRY;10034;32;10032;45;;;10051;32;10053;45;;;10042.5;0.0
2;83500;SNACKPACK_STRAWBERRY;10037;39;10035;51;;;10054;39;10056;51;;;10045.5;0.0
2;83600;SNACKPACK_STRAWBERRY;10029;27;10027;44;;;10046;27;10048;44;;;10037.5;0.0
2;83700;SNACKPACK_STRAWBERRY;10020;31;10018;46;;;10037;31;10039;46;;;10028.5;0.0
2;83800;SNACKPACK_STRAWBERRY;10018;29;10016;59;;;10035;29;10037;59;;;10026.5;0.0
2;83900;SNACKPACK_STRAWBERRY;10026;30;10024;60;;;10044;30;10046;60;;;10035.0;0.0
2;84000;SNACKPACK_STRAWBERRY;10033;40;10031;57;;;10050;40;10052;57;;;10041.5;0.0
2;84100;SNACKPACK_STRAWBERRY;10030;36;10028;45;;;10047;36;10049;45;;;10038.5;0.0
2;84200;SNACKPACK_STRAWBERRY;10029;37;10027;56;;;10046;37;10048;56;;;10037.5;0.0
2;84300;SNACKPACK_STRAWBERRY;10020;20;10018;60;;;10037;20;10039;60;;;10028.5;0.0
2;84400;SNACKPACK_STRAWBERRY;10025;40;10023;55;;;10042;40;10044;55;;;10033.5;0.0
2;84500;SNACKPACK_STRAWBERRY;10017;27;10015;55;;;10034;27;10036;55;;;10025.5;0.0
2;84600;SNACKPACK_STRAWBERRY;10036;23;10033;44;;;10053;23;10055;44;;;10044.5;0.0
2;84700;SNACKPACK_STRAWBERRY;10036;21;10034;49;;;10053;21;10055;49;;;10044.5;0.0
2;84800;SNACKPACK_STRAWBERRY;10014;24;10012;56;;;10031;24;10033;56;;;10022.5;0.0
2;84900;SNACKPACK_STRAWBERRY;10024;36;10022;48;;;10041;36;10043;48;;;10032.5;0.0
2;85000;SNACKPACK_STRAWBERRY;10017;35;10015;56;;;10034;35;10036;56;;;10025.5;0.0
2;85100;SNACKPACK_STRAWBERRY;10023;28;10021;51;;;10040;28;10042;51;;;10031.5;0.0
2;85200;SNACKPACK_STRAWBERRY;10005;21;10003;45;;;10022;21;10024;45;;;10013.5;0.0
2;85300;SNACKPACK_STRAWBERRY;10011;26;10009;54;;;10028;26;10030;54;;;10019.5;0.0
2;85400;SNACKPACK_STRAWBERRY;10017;28;10015;42;;;10035;28;10037;42;;;10026.0;0.0
2;85500;SNACKPACK_STRAWBERRY;10021;2;10013;22;10011;57;10030;22;10032;57;;;10025.5;0.0
2;85600;SNACKPACK_STRAWBERRY;10004;29;10002;43;;;10021;29;10023;43;;;10012.5;0.0
2;85700;SNACKPACK_STRAWBERRY;9988;31;9986;52;;;10005;31;10007;52;;;9996.5;0.0
2;85800;SNACKPACK_STRAWBERRY;9974;40;9972;57;;;9991;40;9993;57;;;9982.5;0.0
2;85900;SNACKPACK_STRAWBERRY;9974;21;9972;41;;;9991;21;9993;41;;;9982.5;0.0
2;86000;SNACKPACK_STRAWBERRY;9979;34;9977;49;;;9996;34;9998;49;;;9987.5;0.0
2;86100;SNACKPACK_STRAWBERRY;9981;25;9979;54;;;9998;25;10000;54;;;9989.5;0.0
2;86200;SNACKPACK_STRAWBERRY;9978;31;9976;48;;;9995;31;9997;48;;;9986.5;0.0
2;86300;SNACKPACK_STRAWBERRY;9978;37;9976;43;;;9995;37;9997;43;;;9986.5;0.0
2;86400;SNACKPACK_STRAWBERRY;9980;30;9978;54;;;9997;30;9999;54;;;9988.5;0.0
2;86500;SNACKPACK_STRAWBERRY;9972;28;9970;43;;;9989;28;9991;43;;;9980.5;0.0
2;86600;SNACKPACK_STRAWBERRY;9980;21;9978;51;;;9997;21;9999;51;;;9988.5;0.0
2;86700;SNACKPACK_STRAWBERRY;9977;20;9975;49;;;9994;20;9996;49;;;9985.5;0.0
2;86800;SNACKPACK_STRAWBERRY;9973;36;9971;40;;;9990;36;9992;40;;;9981.5;0.0
2;86900;SNACKPACK_STRAWBERRY;9977;37;9975;40;;;9994;37;9996;40;;;9985.5;0.0
2;87000;SNACKPACK_STRAWBERRY;9982;20;9980;50;;;9999;20;10001;50;;;9990.5;0.0
2;87100;SNACKPACK_STRAWBERRY;9976;30;9974;57;;;9993;30;9995;57;;;9984.5;0.0
2;87200;SNACKPACK_STRAWBERRY;9978;26;9976;49;;;9995;26;9997;49;;;9986.5;0.0
2;87300;SNACKPACK_STRAWBERRY;9977;25;9975;42;;;9994;25;9996;42;;;9985.5;0.0
2;87400;SNACKPACK_STRAWBERRY;9964;40;9962;48;;;9981;40;9983;48;;;9972.5;0.0
2;87500;SNACKPACK_STRAWBERRY;9968;37;9966;43;;;9985;37;9987;43;;;9976.5;0.0
2;87600;SNACKPACK_STRAWBERRY;9972;35;9970;49;;;9989;35;9991;49;;;9980.5;0.0
2;87700;SNACKPACK_STRAWBERRY;9976;37;9974;56;;;9993;37;9995;56;;;9984.5;0.0
2;87800;SNACKPACK_STRAWBERRY;9978;24;9976;52;;;9995;24;9997;52;;;9986.5;0.0
2;87900;SNACKPACK_STRAWBERRY;9968;28;9966;60;;;9985;28;9987;60;;;9976.5;0.0
2;88000;SNACKPACK_STRAWBERRY;9968;29;9966;51;;;9985;29;9987;51;;;9976.5;0.0
2;88100;SNACKPACK_STRAWBERRY;9982;40;9980;51;;;9999;40;10001;51;;;9990.5;0.0
2;88200;SNACKPACK_STRAWBERRY;9991;36;9989;58;;;10008;36;10010;58;;;9999.5;0.0
2;88300;SNACKPACK_STRAWBERRY;9987;34;9985;53;;;10004;34;10006;53;;;9995.5;0.0
2;88400;SNACKPACK_STRAWBERRY;9984;31;9982;47;;;10001;31;10003;47;;;9992.5;0.0
2;88500;SNACKPACK_STRAWBERRY;9977;36;9975;53;;;9994;36;9996;53;;;9985.5;0.0
2;88600;SNACKPACK_STRAWBERRY;9985;32;9983;55;;;10002;32;10004;55;;;9993.5;0.0
2;88700;SNACKPACK_STRAWBERRY;9970;28;9968;41;;;9987;28;9989;41;;;9978.5;0.0
2;88800;SNACKPACK_STRAWBERRY;9965;24;9963;47;;;9982;24;9984;47;;;9973.5;0.0
2;88900;SNACKPACK_STRAWBERRY;9962;38;9960;43;;;9979;38;9981;43;;;9970.5;0.0
2;89000;SNACKPACK_STRAWBERRY;9951;36;9949;59;;;9968;36;9970;59;;;9959.5;0.0
2;89100;SNACKPACK_STRAWBERRY;9951;35;9949;45;;;9968;35;9970;45;;;9959.5;0.0
2;89200;SNACKPACK_STRAWBERRY;9951;38;9949;44;;;9968;38;9970;44;;;9959.5;0.0
2;89300;SNACKPACK_STRAWBERRY;9951;26;9949;44;;;9968;26;9970;44;;;9959.5;0.0
2;89400;SNACKPACK_STRAWBERRY;9949;33;9947;50;;;9965;33;9967;50;;;9957.0;0.0
2;89500;SNACKPACK_STRAWBERRY;9945;24;9943;51;;;9962;24;9964;51;;;9953.5;0.0
2;89600;SNACKPACK_STRAWBERRY;9944;36;9942;44;;;9961;36;9963;44;;;9952.5;0.0
2;89700;SNACKPACK_STRAWBERRY;9946;26;9944;47;;;9963;26;9965;47;;;9954.5;0.0
2;89800;SNACKPACK_STRAWBERRY;9936;30;9934;57;;;9953;30;9955;57;;;9944.5;0.0
2;89900;SNACKPACK_STRAWBERRY;9933;36;9931;44;;;9950;36;9952;44;;;9941.5;0.0
2;90000;SNACKPACK_STRAWBERRY;9924;27;9922;54;;;9941;27;9943;54;;;9932.5;0.0
2;90100;SNACKPACK_STRAWBERRY;9924;3;9916;28;9914;40;9933;28;9935;40;;;9928.5;0.0
2;90200;SNACKPACK_STRAWBERRY;9902;29;9900;53;;;9919;29;9921;53;;;9910.5;0.0
2;90300;SNACKPACK_STRAWBERRY;9902;37;9900;45;;;9919;37;9921;45;;;9910.5;0.0
2;90400;SNACKPACK_STRAWBERRY;9912;21;9910;42;;;9929;21;9930;42;;;9920.5;0.0
2;90500;SNACKPACK_STRAWBERRY;9904;35;9902;44;;;9921;35;9923;44;;;9912.5;0.0
2;90600;SNACKPACK_STRAWBERRY;9902;29;9900;51;;;9919;29;9921;51;;;9910.5;0.0
2;90700;SNACKPACK_STRAWBERRY;9907;35;9905;43;;;9924;35;9926;43;;;9915.5;0.0
2;90800;SNACKPACK_STRAWBERRY;9920;21;9918;51;;;9937;21;9939;51;;;9928.5;0.0
2;90900;SNACKPACK_STRAWBERRY;9909;38;9907;41;;;9926;38;9928;41;;;9917.5;0.0
2;91000;SNACKPACK_STRAWBERRY;9913;39;9911;45;;;9930;39;9932;45;;;9921.5;0.0
2;91100;SNACKPACK_STRAWBERRY;9927;33;9925;54;;;9944;33;9946;54;;;9935.5;0.0
2;91200;SNACKPACK_STRAWBERRY;9925;22;9923;47;;;9942;22;9944;47;;;9933.5;0.0
2;91300;SNACKPACK_STRAWBERRY;9926;37;9924;44;;;9943;37;9945;44;;;9934.5;0.0
2;91400;SNACKPACK_STRAWBERRY;9924;33;9922;40;;;9940;33;9942;40;;;9932.0;0.0
2;91500;SNACKPACK_STRAWBERRY;9927;25;9925;51;;;9944;25;9946;51;;;9935.5;0.0
2;91600;SNACKPACK_STRAWBERRY;9943;22;9941;53;;;9960;22;9962;53;;;9951.5;0.0
2;91700;SNACKPACK_STRAWBERRY;9961;2;9953;26;9951;58;9970;26;9972;58;;;9965.5;0.0
2;91800;SNACKPACK_STRAWBERRY;9958;24;9956;40;;;9975;24;9977;40;;;9966.5;0.0
2;91900;SNACKPACK_STRAWBERRY;9961;28;9959;46;;;9978;28;9980;46;;;9969.5;0.0
2;92000;SNACKPACK_STRAWBERRY;9961;28;9959;47;;;9978;28;9980;47;;;9969.5;0.0
2;92100;SNACKPACK_STRAWBERRY;9975;23;9973;57;;;9992;23;9994;57;;;9983.5;0.0
2;92200;SNACKPACK_STRAWBERRY;9972;24;9970;46;;;9989;24;9991;46;;;9980.5;0.0
2;92300;SNACKPACK_STRAWBERRY;9980;36;9978;50;;;9997;36;9999;50;;;9988.5;0.0
2;92400;SNACKPACK_STRAWBERRY;9980;32;9978;51;;;9997;32;9999;51;;;9988.5;0.0
2;92500;SNACKPACK_STRAWBERRY;9977;33;9975;40;;;9994;33;9996;40;;;9985.5;0.0
2;92600;SNACKPACK_STRAWBERRY;9967;24;9965;52;;;9984;24;9986;52;;;9975.5;0.0
2;92700;SNACKPACK_STRAWBERRY;9959;34;9957;51;;;9976;34;9978;51;;;9967.5;0.0
2;92800;SNACKPACK_STRAWBERRY;9968;40;9966;40;;;9984;40;9986;40;;;9976.0;0.0
2;92900;SNACKPACK_STRAWBERRY;9976;35;9974;44;;;9993;35;9995;44;;;9984.5;0.0
2;93000;SNACKPACK_STRAWBERRY;9972;39;9970;57;;;9989;39;9991;57;;;9980.5;0.0
2;93100;SNACKPACK_STRAWBERRY;9977;27;9975;46;;;9994;27;9996;46;;;9985.5;0.0
2;93200;SNACKPACK_STRAWBERRY;9978;24;9976;56;;;9995;24;9997;56;;;9986.5;0.0
2;93300;SNACKPACK_STRAWBERRY;9976;34;9974;55;;;9993;34;9995;55;;;9984.5;0.0
2;93400;SNACKPACK_STRAWBERRY;9991;33;9989;60;;;10008;33;10010;60;;;9999.5;0.0
2;93500;SNACKPACK_STRAWBERRY;9983;36;9981;57;;;10000;36;10002;57;;;9991.5;0.0
2;93600;SNACKPACK_STRAWBERRY;9969;32;9967;42;;;9986;32;9988;42;;;9977.5;0.0
2;93700;SNACKPACK_STRAWBERRY;9975;27;9973;48;;;9992;27;9994;48;;;9983.5;0.0
2;93800;SNACKPACK_STRAWBERRY;9986;30;9984;55;;;10003;30;10005;55;;;9994.5;0.0
2;93900;SNACKPACK_STRAWBERRY;9973;22;9971;49;;;9990;22;9992;49;;;9981.5;0.0
2;94000;SNACKPACK_STRAWBERRY;9964;40;9962;52;;;9981;40;9983;52;;;9972.5;0.0
2;94100;SNACKPACK_STRAWBERRY;9959;38;9957;40;;;9976;38;9978;40;;;9967.5;0.0
2;94200;SNACKPACK_STRAWBERRY;9951;36;9949;57;;;9968;36;9970;57;;;9959.5;0.0
2;94300;SNACKPACK_STRAWBERRY;9947;23;9945;45;;;9964;23;9966;45;;;9955.5;0.0
2;94400;SNACKPACK_STRAWBERRY;9940;25;9938;41;;;9957;25;9959;41;;;9948.5;0.0
2;94500;SNACKPACK_STRAWBERRY;9939;24;9937;42;;;9956;24;9958;42;;;9947.5;0.0
2;94600;SNACKPACK_STRAWBERRY;9938;33;9936;56;;;9955;33;9957;56;;;9946.5;0.0
2;94700;SNACKPACK_STRAWBERRY;9927;32;9925;41;;;9943;32;9945;41;;;9935.0;0.0
2;94800;SNACKPACK_STRAWBERRY;9935;20;9933;55;;;9952;20;9954;55;;;9943.5;0.0
2;94900;SNACKPACK_STRAWBERRY;9920;37;9918;51;;;9937;37;9939;51;;;9928.5;0.0
2;95000;SNACKPACK_STRAWBERRY;9923;24;9921;58;;;9940;24;9942;58;;;9931.5;0.0
2;95100;SNACKPACK_STRAWBERRY;9916;22;9914;46;;;9933;22;9935;46;;;9924.5;0.0
2;95200;SNACKPACK_STRAWBERRY;9918;27;9916;49;;;9935;27;9937;49;;;9926.5;0.0
2;95300;SNACKPACK_STRAWBERRY;9926;22;9924;49;;;9943;22;9945;49;;;9934.5;0.0
2;95400;SNACKPACK_STRAWBERRY;9920;36;9918;60;;;9937;36;9939;60;;;9928.5;0.0
2;95500;SNACKPACK_STRAWBERRY;9930;21;9928;49;;;9947;21;9949;49;;;9938.5;0.0
2;95600;SNACKPACK_STRAWBERRY;9917;28;9915;59;;;9934;28;9936;59;;;9925.5;0.0
2;95700;SNACKPACK_STRAWBERRY;9924;37;9922;55;;;9940;37;9942;55;;;9932.0;0.0
2;95800;SNACKPACK_STRAWBERRY;9925;39;9923;56;;;9941;39;9943;56;;;9933.0;0.0
2;95900;SNACKPACK_STRAWBERRY;9924;33;9922;48;;;9941;33;9943;48;;;9932.5;0.0
2;96000;SNACKPACK_STRAWBERRY;9922;39;9920;58;;;9939;39;9941;58;;;9930.5;0.0
2;96100;SNACKPACK_STRAWBERRY;9904;29;9902;55;;;9921;29;9923;55;;;9912.5;0.0
2;96200;SNACKPACK_STRAWBERRY;9902;26;9900;59;;;9919;26;9921;59;;;9910.5;0.0
2;96300;SNACKPACK_STRAWBERRY;9903;22;9901;58;;;9920;22;9922;58;;;9911.5;0.0
2;96400;SNACKPACK_STRAWBERRY;9890;40;9888;44;;;9907;40;9909;44;;;9898.5;0.0
2;96500;SNACKPACK_STRAWBERRY;9890;38;9888;51;;;9907;38;9909;51;;;9898.5;0.0
2;96600;SNACKPACK_STRAWBERRY;9887;20;9885;46;;;9904;20;9906;46;;;9895.5;0.0
2;96700;SNACKPACK_STRAWBERRY;9894;36;9892;44;;;9911;36;9913;44;;;9902.5;0.0
2;96800;SNACKPACK_STRAWBERRY;9883;20;9881;41;;;9900;20;9902;41;;;9891.5;0.0
2;96900;SNACKPACK_STRAWBERRY;9896;23;9894;48;;;9913;23;9915;48;;;9904.5;0.0
2;97000;SNACKPACK_STRAWBERRY;9887;39;9885;52;;;9904;39;9906;52;;;9895.5;0.0
2;97100;SNACKPACK_STRAWBERRY;9878;28;9876;42;;;9895;28;9897;42;;;9886.5;0.0
2;97200;SNACKPACK_STRAWBERRY;9888;40;9886;42;;;9905;40;9907;42;;;9896.5;0.0
2;97300;SNACKPACK_STRAWBERRY;9887;27;9885;48;;;9904;27;9906;48;;;9895.5;0.0
2;97400;SNACKPACK_STRAWBERRY;9896;25;9894;51;;;9913;25;9915;51;;;9904.5;0.0
2;97500;SNACKPACK_STRAWBERRY;9888;39;9886;40;;;9905;39;9907;40;;;9896.5;0.0
2;97600;SNACKPACK_STRAWBERRY;9893;37;9891;58;;;9901;2;9910;37;9912;58;9897.0;0.0
2;97700;SNACKPACK_STRAWBERRY;9892;33;9890;53;;;9909;33;9911;53;;;9900.5;0.0
2;97800;SNACKPACK_STRAWBERRY;9904;28;9902;55;;;9921;28;9922;55;;;9912.5;0.0
2;97900;SNACKPACK_STRAWBERRY;9902;25;9900;55;;;9919;25;9921;55;;;9910.5;0.0
2;98000;SNACKPACK_STRAWBERRY;9905;24;9903;60;;;9921;24;9923;60;;;9913.0;0.0
2;98100;SNACKPACK_STRAWBERRY;9905;34;9903;55;;;9922;34;9924;55;;;9913.5;0.0
2;98200;SNACKPACK_STRAWBERRY;9904;32;9902;53;;;9921;32;9923;53;;;9912.5;0.0
2;98300;SNACKPACK_STRAWBERRY;9898;34;9896;56;;;9915;34;9917;56;;;9906.5;0.0
2;98400;SNACKPACK_STRAWBERRY;9905;34;9903;50;;;9922;34;9924;50;;;9913.5;0.0
2;98500;SNACKPACK_STRAWBERRY;9898;38;9896;50;;;9914;38;9916;50;;;9906.0;0.0
2;98600;SNACKPACK_STRAWBERRY;9897;29;9895;60;;;9913;29;9915;60;;;9905.0;0.0
2;98700;SNACKPACK_STRAWBERRY;9898;38;9896;53;;;9914;38;9916;53;;;9906.0;0.0
2;98800;SNACKPACK_STRAWBERRY;9893;24;9891;51;;;9910;24;9912;51;;;9901.5;0.0
2;98900;SNACKPACK_STRAWBERRY;9881;31;9879;60;;;9898;31;9900;60;;;9889.5;0.0
2;99000;SNACKPACK_STRAWBERRY;9871;26;9869;57;;;9888;26;9890;57;;;9879.5;0.0
2;99100;SNACKPACK_STRAWBERRY;9878;39;9876;58;;;9895;39;9897;58;;;9886.5;0.0
2;99200;SNACKPACK_STRAWBERRY;9886;37;9884;53;;;9903;37;9905;53;;;9894.5;0.0
2;99300;SNACKPACK_STRAWBERRY;9893;25;9891;52;;;9910;25;9912;52;;;9901.5;0.0
2;99400;SNACKPACK_STRAWBERRY;9885;25;9883;58;;;9902;25;9904;58;;;9893.5;0.0
2;99500;SNACKPACK_STRAWBERRY;9879;31;9877;60;;;9895;31;9897;60;;;9887.0;0.0
2;99600;SNACKPACK_STRAWBERRY;9878;36;9876;56;;;9895;36;9897;56;;;9886.5;0.0
2;99700;SNACKPACK_STRAWBERRY;9882;20;9880;52;;;9899;20;9901;52;;;9890.5;0.0
2;99800;SNACKPACK_STRAWBERRY;9881;23;9879;60;;;9898;23;9899;60;;;9889.5;0.0
2;99900;SNACKPACK_STRAWBERRY;9875;37;9873;60;;;9892;37;9894;60;;;9883.5;0.0
2;100000;SNACKPACK_STRAWBERRY;9886;40;9884;41;;;9903;40;9905;41;;;9894.5;0.0
2;100100;SNACKPACK_STRAWBERRY;9901;39;9899;42;;;9918;39;9920;42;;;9909.5;0.0
2;100200;SNACKPACK_STRAWBERRY;9901;33;9899;54;;;9918;33;9920;54;;;9909.5;0.0
2;100300;SNACKPACK_STRAWBERRY;9911;36;9909;45;;;9928;36;9930;45;;;9919.5;0.0
2;100400;SNACKPACK_STRAWBERRY;9906;28;9904;60;;;9923;28;9925;60;;;9914.5;0.0
2;100500;SNACKPACK_STRAWBERRY;9915;32;9913;58;;;9932;32;9934;58;;;9923.5;0.0
2;100600;SNACKPACK_STRAWBERRY;9924;21;9922;41;;;9941;21;9943;41;;;9932.5;0.0
2;100700;SNACKPACK_STRAWBERRY;9922;29;9920;51;;;9939;29;9940;51;;;9930.5;0.0
2;100800;SNACKPACK_STRAWBERRY;9922;21;9920;42;;;9938;21;9940;42;;;9930.0;0.0
2;100900;SNACKPACK_STRAWBERRY;9933;31;9931;45;;;9950;31;9952;45;;;9941.5;0.0
2;101000;SNACKPACK_STRAWBERRY;9932;26;9930;54;;;9949;26;9951;54;;;9940.5;0.0
2;101100;SNACKPACK_STRAWBERRY;9928;40;9926;45;;;9945;40;9947;45;;;9936.5;0.0
2;101200;SNACKPACK_STRAWBERRY;9923;23;9921;51;;;9940;23;9942;51;;;9931.5;0.0
2;101300;SNACKPACK_STRAWBERRY;9925;38;9923;42;;;9942;38;9944;42;;;9933.5;0.0
2;101400;SNACKPACK_STRAWBERRY;9911;25;9909;42;;;9928;25;9930;42;;;9919.5;0.0
2;101500;SNACKPACK_STRAWBERRY;9898;36;9896;54;;;9915;36;9917;54;;;9906.5;0.0
2;101600;SNACKPACK_STRAWBERRY;9888;28;9886;46;;;9905;28;9907;46;;;9896.5;0.0
2;101700;SNACKPACK_STRAWBERRY;9891;34;9889;55;;;9908;34;9910;55;;;9899.5;0.0
2;101800;SNACKPACK_STRAWBERRY;9906;3;9898;29;9896;58;9915;29;9917;58;;;9910.5;0.0
2;101900;SNACKPACK_STRAWBERRY;9900;31;9898;57;;;9917;31;9919;57;;;9908.5;0.0
2;102000;SNACKPACK_STRAWBERRY;9901;39;9899;40;;;9918;39;9920;40;;;9909.5;0.0
2;102100;SNACKPACK_STRAWBERRY;9899;21;9897;49;;;9916;21;9918;49;;;9907.5;0.0
2;102200;SNACKPACK_STRAWBERRY;9898;33;9897;42;;;9915;33;9917;42;;;9906.5;0.0
2;102300;SNACKPACK_STRAWBERRY;9887;20;9885;45;;;9903;20;9905;45;;;9895.0;0.0
2;102400;SNACKPACK_STRAWBERRY;9897;3;9889;26;9887;43;9906;26;9908;43;;;9901.5;0.0
2;102500;SNACKPACK_STRAWBERRY;9868;32;9866;57;;;9885;32;9887;57;;;9876.5;0.0
2;102600;SNACKPACK_STRAWBERRY;9876;29;9874;44;;;9893;29;9895;44;;;9884.5;0.0
2;102700;SNACKPACK_STRAWBERRY;9882;27;9881;59;;;9899;27;9901;59;;;9890.5;0.0
2;102800;SNACKPACK_STRAWBERRY;9888;40;9886;49;;;9905;40;9907;49;;;9896.5;0.0
2;102900;SNACKPACK_STRAWBERRY;9892;26;9890;45;;;9909;26;9911;45;;;9900.5;0.0
2;103000;SNACKPACK_STRAWBERRY;9883;37;9881;43;;;9899;37;9901;43;;;9891.0;0.0
2;103100;SNACKPACK_STRAWBERRY;9879;22;9877;45;;;9896;22;9898;45;;;9887.5;0.0
2;103200;SNACKPACK_STRAWBERRY;9878;39;9876;43;;;9895;39;9897;43;;;9886.5;0.0
2;103300;SNACKPACK_STRAWBERRY;9873;26;9871;57;;;9889;26;9891;57;;;9881.0;0.0
2;103400;SNACKPACK_STRAWBERRY;9869;29;9867;52;;;9886;29;9888;52;;;9877.5;0.0
2;103500;SNACKPACK_STRAWBERRY;9863;29;9861;59;;;9879;29;9881;59;;;9871.0;0.0
2;103600;SNACKPACK_STRAWBERRY;9855;28;9853;60;;;9872;28;9874;60;;;9863.5;0.0
2;103700;SNACKPACK_STRAWBERRY;9859;26;9857;50;;;9876;26;9878;50;;;9867.5;0.0
2;103800;SNACKPACK_STRAWBERRY;9851;36;9849;52;;;9867;36;9869;52;;;9859.0;0.0
2;103900;SNACKPACK_STRAWBERRY;9845;26;9843;54;;;9862;26;9864;54;;;9853.5;0.0
2;104000;SNACKPACK_STRAWBERRY;9859;23;9857;48;;;9876;23;9878;48;;;9867.5;0.0
2;104100;SNACKPACK_STRAWBERRY;9875;37;9873;40;;;9892;37;9894;40;;;9883.5;0.0
2;104200;SNACKPACK_STRAWBERRY;9871;31;9869;40;;;9888;31;9890;40;;;9879.5;0.0
2;104300;SNACKPACK_STRAWBERRY;9873;28;9871;42;;;9890;28;9892;42;;;9881.5;0.0
2;104400;SNACKPACK_STRAWBERRY;9878;20;9876;41;;;9895;20;9897;41;;;9886.5;0.0
2;104500;SNACKPACK_STRAWBERRY;9892;2;9884;35;9882;54;9901;35;9903;54;;;9896.5;0.0
2;104600;SNACKPACK_STRAWBERRY;9885;31;9883;44;;;9902;31;9904;44;;;9893.5;0.0
2;104700;SNACKPACK_STRAWBERRY;9875;40;9873;49;;;9892;40;9894;49;;;9883.5;0.0
2;104800;SNACKPACK_STRAWBERRY;9870;34;9868;55;;;9887;34;9889;55;;;9878.5;0.0
2;104900;SNACKPACK_STRAWBERRY;9861;38;9859;60;;;9878;38;9880;60;;;9869.5;0.0
2;105000;SNACKPACK_STRAWBERRY;9848;21;9846;52;;;9865;21;9867;52;;;9856.5;0.0
2;105100;SNACKPACK_STRAWBERRY;9855;30;9853;55;;;9872;30;9874;55;;;9863.5;0.0
2;105200;SNACKPACK_STRAWBERRY;9848;23;9846;56;;;9864;23;9866;56;;;9856.0;0.0
2;105300;SNACKPACK_STRAWBERRY;9849;37;9847;48;;;9866;37;9868;48;;;9857.5;0.0
2;105400;SNACKPACK_STRAWBERRY;9855;22;9853;52;;;9871;22;9873;52;;;9863.0;0.0
2;105500;SNACKPACK_STRAWBERRY;9860;28;9858;40;;;9877;28;9879;40;;;9868.5;0.0
2;105600;SNACKPACK_STRAWBERRY;9863;38;9861;50;;;9879;38;9881;50;;;9871.0;0.0
2;105700;SNACKPACK_STRAWBERRY;9861;29;9859;53;;;9878;29;9880;53;;;9869.5;0.0
2;105800;SNACKPACK_STRAWBERRY;9864;29;9862;49;;;9881;29;9883;49;;;9872.5;0.0
2;105900;SNACKPACK_STRAWBERRY;9870;29;9868;50;;;9887;29;9889;50;;;9878.5;0.0
2;106000;SNACKPACK_STRAWBERRY;9874;32;9872;52;;;9891;32;9893;52;;;9882.5;0.0
2;106100;SNACKPACK_STRAWBERRY;9866;38;9864;54;;;9883;38;9885;54;;;9874.5;0.0
2;106200;SNACKPACK_STRAWBERRY;9861;30;9859;43;;;9878;30;9880;43;;;9869.5;0.0
2;106300;SNACKPACK_STRAWBERRY;9856;30;9854;41;;;9873;30;9875;41;;;9864.5;0.0
2;106400;SNACKPACK_STRAWBERRY;9869;25;9867;59;;;9886;25;9888;59;;;9877.5;0.0
2;106500;SNACKPACK_STRAWBERRY;9863;22;9861;60;;;9880;22;9882;60;;;9871.5;0.0
2;106600;SNACKPACK_STRAWBERRY;9858;39;9856;60;;;9875;39;9877;60;;;9866.5;0.0
2;106700;SNACKPACK_STRAWBERRY;9856;27;9854;60;;;9872;27;9874;60;;;9864.0;0.0
2;106800;SNACKPACK_STRAWBERRY;9859;40;9857;44;;;9875;40;9877;44;;;9867.0;0.0
2;106900;SNACKPACK_STRAWBERRY;9852;37;9850;50;;;9869;37;9871;50;;;9860.5;0.0
2;107000;SNACKPACK_STRAWBERRY;9853;36;9851;42;;;9870;36;9871;42;;;9861.5;0.0
2;107100;SNACKPACK_STRAWBERRY;9860;32;9858;41;;;9877;32;9879;41;;;9868.5;0.0
2;107200;SNACKPACK_STRAWBERRY;9867;24;9865;58;;;9883;24;9885;58;;;9875.0;0.0
2;107300;SNACKPACK_STRAWBERRY;9859;35;9857;47;;;9876;35;9878;47;;;9867.5;0.0
2;107400;SNACKPACK_STRAWBERRY;9865;25;9863;59;;;9882;25;9884;59;;;9873.5;0.0
2;107500;SNACKPACK_STRAWBERRY;9873;23;9871;48;;;9890;23;9892;48;;;9881.5;0.0
2;107600;SNACKPACK_STRAWBERRY;9875;35;9873;50;;;9892;35;9894;50;;;9883.5;0.0
2;107700;SNACKPACK_STRAWBERRY;9872;26;9870;58;;;9888;26;9890;58;;;9880.0;0.0
2;107800;SNACKPACK_STRAWBERRY;9870;26;9868;58;;;9887;26;9889;58;;;9878.5;0.0
2;107900;SNACKPACK_STRAWBERRY;9865;33;9863;44;;;9882;33;9884;44;;;9873.5;0.0
2;108000;SNACKPACK_STRAWBERRY;9857;23;9855;44;;;9873;23;9875;44;;;9865.0;0.0
2;108100;SNACKPACK_STRAWBERRY;9859;30;9857;41;;;9875;30;9877;41;;;9867.0;0.0
2;108200;SNACKPACK_STRAWBERRY;9854;22;9852;57;;;9871;22;9873;57;;;9862.5;0.0
2;108300;SNACKPACK_STRAWBERRY;9845;28;9843;60;;;9862;28;9864;60;;;9853.5;0.0
2;108400;SNACKPACK_STRAWBERRY;9849;28;9847;41;;;9866;28;9868;41;;;9857.5;0.0
2;108500;SNACKPACK_STRAWBERRY;9842;20;9840;57;;;9859;20;9861;57;;;9850.5;0.0
2;108600;SNACKPACK_STRAWBERRY;9849;28;9847;53;;;9865;28;9867;53;;;9857.0;0.0
2;108700;SNACKPACK_STRAWBERRY;9849;36;9847;52;;;9865;36;9867;52;;;9857.0;0.0
2;108800;SNACKPACK_STRAWBERRY;9848;23;9846;49;;;9864;23;9866;49;;;9856.0;0.0
2;108900;SNACKPACK_STRAWBERRY;9860;22;9858;44;;;9877;22;9879;44;;;9868.5;0.0
2;109000;SNACKPACK_STRAWBERRY;9856;22;9854;50;;;9873;22;9875;50;;;9864.5;0.0
2;109100;SNACKPACK_STRAWBERRY;9847;32;9845;59;;;9863;32;9865;59;;;9855.0;0.0
2;109200;SNACKPACK_STRAWBERRY;9831;20;9829;51;;;9848;20;9850;51;;;9839.5;0.0
2;109300;SNACKPACK_STRAWBERRY;9829;24;9827;54;;;9846;24;9848;54;;;9837.5;0.0
2;109400;SNACKPACK_STRAWBERRY;9830;33;9828;58;;;9847;33;9849;58;;;9838.5;0.0
2;109500;SNACKPACK_STRAWBERRY;9823;32;9821;43;;;9840;32;9842;43;;;9831.5;0.0
2;109600;SNACKPACK_STRAWBERRY;9833;6;9826;28;9824;40;9842;28;9844;40;;;9837.5;0.0
2;109700;SNACKPACK_STRAWBERRY;9838;24;9836;40;;;9855;24;9857;40;;;9846.5;0.0
2;109800;SNACKPACK_STRAWBERRY;9822;26;9820;50;;;9838;26;9840;50;;;9830.0;0.0
2;109900;SNACKPACK_STRAWBERRY;9829;35;9827;48;;;9846;35;9848;48;;;9837.5;0.0
2;110000;SNACKPACK_STRAWBERRY;9838;36;9836;60;;;9855;36;9857;60;;;9846.5;0.0
2;110100;SNACKPACK_STRAWBERRY;9851;34;9849;50;;;9868;34;9870;50;;;9859.5;0.0
2;110200;SNACKPACK_STRAWBERRY;9853;35;9851;40;;;9870;35;9872;40;;;9861.5;0.0
2;110300;SNACKPACK_STRAWBERRY;9851;29;9849;50;;;9868;29;9870;50;;;9859.5;0.0
2;110400;SNACKPACK_STRAWBERRY;9845;28;9844;54;;;9862;28;9864;54;;;9853.5;0.0
2;110500;SNACKPACK_STRAWBERRY;9839;21;9837;48;;;9855;21;9857;48;;;9847.0;0.0
2;110600;SNACKPACK_STRAWBERRY;9845;37;9843;42;;;9861;37;9863;42;;;9853.0;0.0
2;110700;SNACKPACK_STRAWBERRY;9846;25;9844;60;;;9862;25;9864;60;;;9854.0;0.0
2;110800;SNACKPACK_STRAWBERRY;9849;30;9847;49;;;9866;30;9868;49;;;9857.5;0.0
2;110900;SNACKPACK_STRAWBERRY;9856;38;9854;43;;;9872;38;9874;43;;;9864.0;0.0
2;111000;SNACKPACK_STRAWBERRY;9846;30;9844;50;;;9863;30;9865;50;;;9854.5;0.0
2;111100;SNACKPACK_STRAWBERRY;9848;36;9846;56;;;9865;36;9867;56;;;9856.5;0.0
2;111200;SNACKPACK_STRAWBERRY;9857;20;9855;40;;;9874;20;9876;40;;;9865.5;0.0
2;111300;SNACKPACK_STRAWBERRY;9866;21;9864;52;;;9883;21;9885;52;;;9874.5;0.0
2;111400;SNACKPACK_STRAWBERRY;9868;22;9866;54;;;9885;22;9887;54;;;9876.5;0.0
2;111500;SNACKPACK_STRAWBERRY;9871;20;9869;43;;;9887;20;9889;43;;;9879.0;0.0
2;111600;SNACKPACK_STRAWBERRY;9868;26;9866;55;;;9885;26;9887;55;;;9876.5;0.0
2;111700;SNACKPACK_STRAWBERRY;9872;25;9870;54;;;9889;25;9891;54;;;9880.5;0.0
2;111800;SNACKPACK_STRAWBERRY;9876;24;9874;41;;;9893;24;9895;41;;;9884.5;0.0
2;111900;SNACKPACK_STRAWBERRY;9889;40;9887;53;;;9906;40;9908;53;;;9897.5;0.0
2;112000;SNACKPACK_STRAWBERRY;9885;34;9883;54;;;9902;34;9904;54;;;9893.5;0.0
2;112100;SNACKPACK_STRAWBERRY;9886;20;9884;47;;;9903;20;9905;47;;;9894.5;0.0
2;112200;SNACKPACK_STRAWBERRY;9879;35;9877;45;;;9896;35;9898;45;;;9887.5;0.0
2;112300;SNACKPACK_STRAWBERRY;9868;20;9866;40;;;9885;20;9887;40;;;9876.5;0.0
2;112400;SNACKPACK_STRAWBERRY;9858;23;9856;54;;;9875;23;9877;54;;;9866.5;0.0
2;112500;SNACKPACK_STRAWBERRY;9857;24;9855;45;;;9874;24;9876;45;;;9865.5;0.0
2;112600;SNACKPACK_STRAWBERRY;9867;24;9865;55;;;9884;24;9886;55;;;9875.5;0.0
2;112700;SNACKPACK_STRAWBERRY;9865;20;9863;57;;;9882;20;9884;57;;;9873.5;0.0
2;112800;SNACKPACK_STRAWBERRY;9856;21;9854;55;;;9873;21;9875;55;;;9864.5;0.0
2;112900;SNACKPACK_STRAWBERRY;9851;36;9849;45;;;9868;36;9870;45;;;9859.5;0.0
2;113000;SNACKPACK_STRAWBERRY;9850;20;9848;53;;;9866;20;9868;53;;;9858.0;0.0
2;113100;SNACKPACK_STRAWBERRY;9847;39;9845;40;;;9864;39;9866;40;;;9855.5;0.0
2;113200;SNACKPACK_STRAWBERRY;9846;30;9844;48;;;9863;30;9865;48;;;9854.5;0.0
2;113300;SNACKPACK_STRAWBERRY;9852;22;9850;48;;;9869;22;9871;48;;;9860.5;0.0
2;113400;SNACKPACK_STRAWBERRY;9852;35;9850;50;;;9869;35;9871;50;;;9860.5;0.0
2;113500;SNACKPACK_STRAWBERRY;9850;33;9848;57;;;9867;33;9869;57;;;9858.5;0.0
2;113600;SNACKPACK_STRAWBERRY;9846;40;9844;54;;;9863;40;9865;54;;;9854.5;0.0
2;113700;SNACKPACK_STRAWBERRY;9845;21;9843;40;;;9862;21;9864;40;;;9853.5;0.0
2;113800;SNACKPACK_STRAWBERRY;9835;37;9833;49;;;9852;37;9854;49;;;9843.5;0.0
2;113900;SNACKPACK_STRAWBERRY;9833;25;9831;43;;;9849;25;9851;43;;;9841.0;0.0
2;114000;SNACKPACK_STRAWBERRY;9835;24;9833;46;;;9852;24;9854;46;;;9843.5;0.0
2;114100;SNACKPACK_STRAWBERRY;9832;34;9830;50;;;9849;34;9851;50;;;9840.5;0.0
2;114200;SNACKPACK_STRAWBERRY;9836;39;9834;59;;;9853;39;9855;59;;;9844.5;0.0
2;114300;SNACKPACK_STRAWBERRY;9836;40;9834;50;;;9853;40;9855;50;;;9844.5;0.0
2;114400;SNACKPACK_STRAWBERRY;9827;33;9825;58;;;9843;33;9845;58;;;9835.0;0.0
2;114500;SNACKPACK_STRAWBERRY;9842;5;9834;29;9832;57;9851;29;9853;57;;;9846.5;0.0
2;114600;SNACKPACK_STRAWBERRY;9830;20;9828;52;;;9846;20;9848;52;;;9838.0;0.0
2;114700;SNACKPACK_STRAWBERRY;9835;38;9833;44;;;9851;38;9853;44;;;9843.0;0.0
2;114800;SNACKPACK_STRAWBERRY;9845;22;9843;41;;;9862;22;9864;41;;;9853.5;0.0
2;114900;SNACKPACK_STRAWBERRY;9853;27;9851;48;;;9869;27;9871;48;;;9861.0;0.0
2;115000;SNACKPACK_STRAWBERRY;9862;22;9860;47;;;9879;22;9881;47;;;9870.5;0.0
2;115100;SNACKPACK_STRAWBERRY;9865;31;9863;40;;;9882;31;9884;40;;;9873.5;0.0
2;115200;SNACKPACK_STRAWBERRY;9867;32;9865;54;;;9883;32;9885;54;;;9875.0;0.0
2;115300;SNACKPACK_STRAWBERRY;9865;26;9863;50;;;9882;26;9884;50;;;9873.5;0.0
2;115400;SNACKPACK_STRAWBERRY;9870;40;9868;50;;;9886;40;9888;50;;;9878.0;0.0
2;115500;SNACKPACK_STRAWBERRY;9876;30;9874;52;;;9892;30;9894;52;;;9884.0;0.0
2;115600;SNACKPACK_STRAWBERRY;9893;40;9891;42;;;9910;40;9912;42;;;9901.5;0.0
2;115700;SNACKPACK_STRAWBERRY;9878;21;9876;52;;;9894;21;9896;52;;;9886.0;0.0
2;115800;SNACKPACK_STRAWBERRY;9886;33;9884;60;;;9903;33;9905;60;;;9894.5;0.0
2;115900;SNACKPACK_STRAWBERRY;9888;31;9886;42;;;9905;31;9907;42;;;9896.5;0.0
2;116000;SNACKPACK_STRAWBERRY;9893;34;9891;42;;;9910;34;9912;42;;;9901.5;0.0
2;116100;SNACKPACK_STRAWBERRY;9889;36;9887;40;;;9906;36;9908;40;;;9897.5;0.0
2;116200;SNACKPACK_STRAWBERRY;9891;24;9889;46;;;9908;24;9910;46;;;9899.5;0.0
2;116300;SNACKPACK_STRAWBERRY;9882;39;9880;50;;;9898;39;9900;50;;;9890.0;0.0
2;116400;SNACKPACK_STRAWBERRY;9880;25;9878;54;;;9897;25;9899;54;;;9888.5;0.0
2;116500;SNACKPACK_STRAWBERRY;9895;26;9893;44;;;9912;26;9914;44;;;9903.5;0.0
2;116600;SNACKPACK_STRAWBERRY;9896;33;9894;48;;;9913;33;9915;48;;;9904.5;0.0
2;116700;SNACKPACK_STRAWBERRY;9892;29;9890;47;;;9909;29;9911;47;;;9900.5;0.0
2;116800;SNACKPACK_STRAWBERRY;9888;37;9886;41;;;9905;37;9907;41;;;9896.5;0.0
2;116900;SNACKPACK_STRAWBERRY;9893;25;9891;40;;;9910;25;9912;40;;;9901.5;0.0
2;117000;SNACKPACK_STRAWBERRY;9897;34;9895;55;;;9914;34;9916;55;;;9905.5;0.0
2;117100;SNACKPACK_STRAWBERRY;9893;40;9891;41;;;9910;40;9912;41;;;9901.5;0.0
2;117200;SNACKPACK_STRAWBERRY;9896;21;9894;57;;;9913;21;9915;57;;;9904.5;0.0
2;117300;SNACKPACK_STRAWBERRY;9891;31;9889;41;;;9908;31;9910;41;;;9899.5;0.0
2;117400;SNACKPACK_STRAWBERRY;9889;28;9887;58;;;9906;28;9908;58;;;9897.5;0.0
2;117500;SNACKPACK_STRAWBERRY;9890;30;9888;58;;;9907;30;9909;58;;;9898.5;0.0
2;117600;SNACKPACK_STRAWBERRY;9882;25;9880;51;;;9899;25;9901;51;;;9890.5;0.0
2;117700;SNACKPACK_STRAWBERRY;9883;32;9881;56;;;9900;32;9902;56;;;9891.5;0.0
2;117800;SNACKPACK_STRAWBERRY;9891;32;9889;53;;;9908;32;9910;53;;;9899.5;0.0
2;117900;SNACKPACK_STRAWBERRY;9896;27;9894;60;;;9913;27;9915;60;;;9904.5;0.0
2;118000;SNACKPACK_STRAWBERRY;9885;38;9883;46;;;9902;38;9904;46;;;9893.5;0.0
2;118100;SNACKPACK_STRAWBERRY;9885;25;9883;48;;;9902;25;9904;48;;;9893.5;0.0
2;118200;SNACKPACK_STRAWBERRY;9893;34;9891;46;;;9910;34;9912;46;;;9901.5;0.0
2;118300;SNACKPACK_STRAWBERRY;9884;24;9882;57;;;9901;24;9903;57;;;9892.5;0.0
2;118400;SNACKPACK_STRAWBERRY;9871;31;9869;52;;;9888;31;9890;52;;;9879.5;0.0
2;118500;SNACKPACK_STRAWBERRY;9860;24;9858;45;;;9877;24;9879;45;;;9868.5;0.0
2;118600;SNACKPACK_STRAWBERRY;9842;37;9840;60;;;9858;37;9860;60;;;9850.0;0.0
2;118700;SNACKPACK_STRAWBERRY;9835;34;9833;55;;;9852;34;9854;55;;;9843.5;0.0
2;118800;SNACKPACK_STRAWBERRY;9831;36;9829;47;;;9847;36;9849;47;;;9839.0;0.0
2;118900;SNACKPACK_STRAWBERRY;9833;32;9831;57;;;9850;32;9852;57;;;9841.5;0.0
2;119000;SNACKPACK_STRAWBERRY;9831;25;9829;57;;;9847;25;9849;57;;;9839.0;0.0
2;119100;SNACKPACK_STRAWBERRY;9828;23;9826;51;;;9845;23;9847;51;;;9836.5;0.0
2;119200;SNACKPACK_STRAWBERRY;9826;22;9824;50;;;9843;22;9845;50;;;9834.5;0.0
2;119300;SNACKPACK_STRAWBERRY;9826;32;9824;48;;;9842;32;9844;48;;;9834.0;0.0
2;119400;SNACKPACK_STRAWBERRY;9826;33;9824;49;;;9843;33;9845;49;;;9834.5;0.0
2;119500;SNACKPACK_STRAWBERRY;9832;23;9830;43;;;9849;23;9851;43;;;9840.5;0.0
2;119600;SNACKPACK_STRAWBERRY;9833;23;9831;56;;;9849;23;9851;56;;;9841.0;0.0
2;119700;SNACKPACK_STRAWBERRY;9839;39;9837;55;;;9856;39;9858;55;;;9847.5;0.0
2;119800;SNACKPACK_STRAWBERRY;9847;34;9845;59;;;9863;34;9865;59;;;9855.0;0.0
2;119900;SNACKPACK_STRAWBERRY;9849;30;9847;55;;;9866;30;9868;55;;;9857.5;0.0
2;120000;SNACKPACK_STRAWBERRY;9838;29;9836;58;;;9854;29;9856;58;;;9846.0;0.0
2;120100;SNACKPACK_STRAWBERRY;9832;33;9830;45;;;9848;33;9850;45;;;9840.0;0.0
2;120200;SNACKPACK_STRAWBERRY;9839;24;9837;46;;;9856;24;9858;46;;;9847.5;0.0
2;120300;SNACKPACK_STRAWBERRY;9844;20;9842;46;;;9861;20;9863;46;;;9852.5;0.0
2;120400;SNACKPACK_STRAWBERRY;9852;32;9850;50;;;9869;32;9871;50;;;9860.5;0.0
2;120500;SNACKPACK_STRAWBERRY;9861;30;9859;48;;;9878;30;9879;48;;;9869.5;0.0
2;120600;SNACKPACK_STRAWBERRY;9851;37;9849;57;;;9868;37;9870;57;;;9859.5;0.0
2;120700;SNACKPACK_STRAWBERRY;9845;32;9843;46;;;9862;32;9864;46;;;9853.5;0.0
2;120800;SNACKPACK_STRAWBERRY;9849;22;9847;48;;;9865;22;9867;48;;;9857.0;0.0
2;120900;SNACKPACK_STRAWBERRY;9834;30;9832;56;;;9851;30;9853;56;;;9842.5;0.0
2;121000;SNACKPACK_STRAWBERRY;9830;23;9828;46;;;9847;23;9848;46;;;9838.5;0.0
2;121100;SNACKPACK_STRAWBERRY;9846;37;9844;44;;;9863;37;9865;44;;;9854.5;0.0
2;121200;SNACKPACK_STRAWBERRY;9854;35;9852;56;;;9871;35;9873;56;;;9862.5;0.0
2;121300;SNACKPACK_STRAWBERRY;9840;38;9838;56;;;9857;38;9858;56;;;9848.5;0.0
2;121400;SNACKPACK_STRAWBERRY;9840;21;9838;59;;;9857;21;9859;59;;;9848.5;0.0
2;121500;SNACKPACK_STRAWBERRY;9846;25;9844;42;;;9863;25;9865;42;;;9854.5;0.0
2;121600;SNACKPACK_STRAWBERRY;9840;20;9838;45;;;9856;20;9858;45;;;9848.0;0.0
2;121700;SNACKPACK_STRAWBERRY;9845;23;9843;58;;;9862;23;9864;58;;;9853.5;0.0
2;121800;SNACKPACK_STRAWBERRY;9839;38;9837;40;;;9855;38;9857;40;;;9847.0;0.0
2;121900;SNACKPACK_STRAWBERRY;9838;20;9836;45;;;9854;20;9856;45;;;9846.0;0.0
2;122000;SNACKPACK_STRAWBERRY;9837;32;9835;43;;;9853;32;9855;43;;;9845.0;0.0
2;122100;SNACKPACK_STRAWBERRY;9824;23;9822;47;;;9841;23;9843;47;;;9832.5;0.0
2;122200;SNACKPACK_STRAWBERRY;9828;36;9826;42;;;9845;36;9847;42;;;9836.5;0.0
2;122300;SNACKPACK_STRAWBERRY;9829;33;9827;50;;;9845;33;9847;50;;;9837.0;0.0
2;122400;SNACKPACK_STRAWBERRY;9835;37;9833;49;;;9852;37;9854;49;;;9843.5;0.0
2;122500;SNACKPACK_STRAWBERRY;9838;39;9836;44;;;9855;39;9857;44;;;9846.5;0.0
2;122600;SNACKPACK_STRAWBERRY;9836;37;9834;44;;;9853;37;9855;44;;;9844.5;0.0
2;122700;SNACKPACK_STRAWBERRY;9835;29;9833;48;;;9852;29;9854;48;;;9843.5;0.0
2;122800;SNACKPACK_STRAWBERRY;9853;23;9851;52;;;9870;23;9872;52;;;9861.5;0.0
2;122900;SNACKPACK_STRAWBERRY;9850;36;9848;48;;;9866;36;9868;48;;;9858.0;0.0
2;123000;SNACKPACK_STRAWBERRY;9833;21;9831;43;;;9849;21;9851;43;;;9841.0;0.0
2;123100;SNACKPACK_STRAWBERRY;9827;30;9825;40;;;9843;30;9845;40;;;9835.0;0.0
2;123200;SNACKPACK_STRAWBERRY;9821;31;9819;41;;;9838;31;9840;41;;;9829.5;0.0
2;123300;SNACKPACK_STRAWBERRY;9831;22;9829;40;;;9848;22;9850;40;;;9839.5;0.0
2;123400;SNACKPACK_STRAWBERRY;9831;40;9829;44;;;9848;40;9850;44;;;9839.5;0.0
2;123500;SNACKPACK_STRAWBERRY;9841;29;9839;54;;;9858;29;9860;54;;;9849.5;0.0
2;123600;SNACKPACK_STRAWBERRY;9837;20;9835;43;;;9854;20;9856;43;;;9845.5;0.0
2;123700;SNACKPACK_STRAWBERRY;9832;25;9830;52;;;9848;25;9850;52;;;9840.0;0.0
2;123800;SNACKPACK_STRAWBERRY;9828;24;9826;46;;;9845;24;9847;46;;;9836.5;0.0
2;123900;SNACKPACK_STRAWBERRY;9822;31;9820;49;;;9839;31;9841;49;;;9830.5;0.0
2;124000;SNACKPACK_STRAWBERRY;9826;20;9824;53;;;9842;20;9844;53;;;9834.0;0.0
2;124100;SNACKPACK_STRAWBERRY;9820;23;9818;41;;;9837;23;9839;41;;;9828.5;0.0
2;124200;SNACKPACK_STRAWBERRY;9830;38;9828;41;;;9847;38;9849;41;;;9838.5;0.0
2;124300;SNACKPACK_STRAWBERRY;9851;38;9849;48;;;9868;38;9870;48;;;9859.5;0.0
2;124400;SNACKPACK_STRAWBERRY;9848;20;9846;48;;;9865;20;9867;48;;;9856.5;0.0
2;124500;SNACKPACK_STRAWBERRY;9849;22;9848;52;;;9866;22;9868;52;;;9857.5;0.0
2;124600;SNACKPACK_STRAWBERRY;9850;27;9848;48;;;9867;27;9869;48;;;9858.5;0.0
2;124700;SNACKPACK_STRAWBERRY;9846;36;9844;41;;;9862;36;9864;41;;;9854.0;0.0
2;124800;SNACKPACK_STRAWBERRY;9832;27;9830;57;;;9849;27;9851;57;;;9840.5;0.0
2;124900;SNACKPACK_STRAWBERRY;9835;3;9827;34;9825;49;9844;34;9846;49;;;9839.5;0.0
2;125000;SNACKPACK_STRAWBERRY;9822;33;9820;40;;;9838;33;9840;40;;;9830.0;0.0
2;125100;SNACKPACK_STRAWBERRY;9838;22;9836;40;;;9855;22;9857;40;;;9846.5;0.0
2;125200;SNACKPACK_STRAWBERRY;9839;29;9837;57;;;9855;29;9857;57;;;9847.0;0.0
2;125300;SNACKPACK_STRAWBERRY;9826;34;9824;41;;;9843;34;9845;41;;;9834.5;0.0
2;125400;SNACKPACK_STRAWBERRY;9830;38;9828;57;;;9847;38;9849;57;;;9838.5;0.0
2;125500;SNACKPACK_STRAWBERRY;9821;23;9819;60;;;9838;23;9840;60;;;9829.5;0.0
2;125600;SNACKPACK_STRAWBERRY;9818;31;9816;60;;;9834;31;9836;60;;;9826.0;0.0
2;125700;SNACKPACK_STRAWBERRY;9823;33;9821;53;;;9839;33;9841;53;;;9831.0;0.0
2;125800;SNACKPACK_STRAWBERRY;9822;36;9820;46;;;9839;36;9841;46;;;9830.5;0.0
2;125900;SNACKPACK_STRAWBERRY;9836;39;9834;41;;;9853;39;9855;41;;;9844.5;0.0
