day;timestamp;product;bid_price_1;bid_volume_1;bid_price_2;bid_volume_2;bid_price_3;bid_volume_3;ask_price_1;ask_volume_1;ask_price_2;ask_volume_2;ask_price_3;ask_volume_3;mid_price;profit_and_loss
3;0;PEBBLES_XS;8058;10;8057;25;;;8068;10;8070;25;;;8063.0;0.0
3;0;PEBBLES_M;9014;10;9013;25;;;9026;10;9027;25;;;9020.0;0.0
3;0;PEBBLES_L;10124;10;10123;25;;;10137;10;10139;25;;;10130.5;0.0
3;0;PEBBLES_S;9151;10;9150;25;;;9163;10;9165;25;;;9157.0;0.0
3;0;PEBBLES_XL;13620;10;13618;25;;;13638;10;13640;25;;;13629.0;0.0
3;100;PEBBLES_XS;8060;11;8059;28;;;8071;11;8072;28;;;8065.5;0.0
3;100;PEBBLES_XL;13589;11;13587;28;;;13606;11;13608;28;;;13597.5;0.0
3;100;PEBBLES_M;9024;11;9023;28;;;9036;11;9038;28;;;9030.0;0.0
3;100;PEBBLES_L;10132;11;10130;28;;;10145;11;10147;28;;;10138.5;0.0
3;100;PEBBLES_S;9162;11;9161;28;;;9174;11;9176;28;;;9168.0;0.0
3;200;PEBBLES_XL;13607;10;13605;20;;;13624;10;13626;20;;;13615.5;0.0
3;200;PEBBLES_XS;8047;10;8045;20;;;8057;10;8058;20;;;8052.0;0.0
3;200;PEBBLES_M;9020;10;9019;20;;;9032;10;9033;20;;;9026.0;0.0
3;200;PEBBLES_L;10124;10;10122;20;;;10137;10;10138;20;;;10130.5;0.0
3;200;PEBBLES_S;9170;10;9169;20;;;9182;10;9183;20;;;9176.0;0.0
3;300;PEBBLES_XS;8064;10;8062;20;;;8074;10;8076;20;;;8069.0;0.0
3;300;PEBBLES_XL;13575;10;13573;20;;;13592;10;13594;20;;;13583.5;0.0
3;300;PEBBLES_L;10119;10;10118;20;;;10132;10;10134;20;;;10125.5;0.0
3;300;PEBBLES_M;9023;10;9022;20;;;9035;10;9037;20;;;9029.0;0.0
3;300;PEBBLES_S;9186;10;9185;20;;;9198;10;9200;20;;;9192.0;0.0
3;400;PEBBLES_XS;8070;11;8069;30;;;8081;11;8082;30;;;8075.5;0.0
3;400;PEBBLES_XL;13566;11;13564;30;;;13584;11;13586;30;;;13575.0;0.0
3;400;PEBBLES_L;10121;11;10120;30;;;10134;11;10136;30;;;10127.5;0.0
3;400;PEBBLES_M;9029;11;9027;30;;;9041;11;9042;30;;;9035.0;0.0
3;400;PEBBLES_S;9181;11;9180;30;;;9193;11;9195;30;;;9187.0;0.0
3;500;PEBBLES_S;9187;10;9186;22;;;9199;10;9201;22;;;9193.0;0.0
3;500;PEBBLES_XS;8074;10;8072;22;;;8084;10;8086;22;;;8079.0;0.0
3;500;PEBBLES_XL;13545;10;13543;22;;;13563;10;13565;22;;;13554.0;0.0
3;500;PEBBLES_L;10134;10;10132;22;;;10147;10;10148;22;;;10140.5;0.0
3;500;PEBBLES_M;9027;10;9026;22;;;9039;10;9041;22;;;9033.0;0.0
3;600;PEBBLES_XL;13590;12;13588;29;;;13607;12;13609;29;;;13598.5;0.0
3;600;PEBBLES_XS;8052;12;8051;29;;;8063;12;8064;29;;;8057.5;0.0
3;600;PEBBLES_L;10144;12;10143;29;;;10157;12;10159;29;;;10150.5;0.0
3;600;PEBBLES_M;9010;12;9008;29;;;9021;12;9023;29;;;9015.5;0.0
3;600;PEBBLES_S;9171;12;9170;29;;;9183;12;9185;29;;;9177.0;0.0
3;700;PEBBLES_XS;8051;13;8049;29;;;8061;13;8062;29;;;8056.0;0.0
3;700;PEBBLES_XL;13598;13;13596;29;;;13615;13;13617;29;;;13606.5;0.0
3;700;PEBBLES_L;10151;13;10150;29;;;10164;13;10166;29;;;10157.5;0.0
3;700;PEBBLES_M;8998;13;8997;29;;;9010;13;9011;29;;;9004.0;0.0
3;700;PEBBLES_S;9170;13;9168;29;;;9182;13;9183;29;;;9176.0;0.0
3;800;PEBBLES_L;10153;14;10152;27;;;10166;14;10168;27;;;10159.5;0.0
3;800;PEBBLES_M;8984;14;8983;27;;;8996;14;8997;27;;;8990.0;0.0
3;800;PEBBLES_S;9159;14;9157;27;;;9171;14;9172;27;;;9165.0;0.0
3;800;PEBBLES_XL;13642;14;13639;27;;;13659;14;13661;27;;;13650.5;0.0
3;800;PEBBLES_XS;8030;14;8029;27;;;8041;14;8042;27;;;8035.5;0.0
3;900;PEBBLES_L;10148;14;10147;24;;;10161;14;10163;24;;;10154.5;0.0
3;900;PEBBLES_M;8984;14;8983;24;;;8996;14;8998;24;;;8990.0;0.0
3;900;PEBBLES_S;9181;14;9180;24;;;9193;14;9195;24;;;9187.0;0.0
3;900;PEBBLES_XS;8026;14;8025;24;;;8036;14;8038;24;;;8031.0;0.0
3;900;PEBBLES_XL;13628;14;13626;24;;;13645;14;13647;24;;;13636.5;0.0
3;1000;PEBBLES_L;10144;15;10142;22;;;10157;15;10158;22;;;10150.5;0.0
3;1000;PEBBLES_M;8982;15;8981;22;;;8994;15;8995;22;;;8988.0;0.0
3;1000;PEBBLES_S;9167;15;9166;22;;;9179;15;9181;22;;;9173.0;0.0
3;1000;PEBBLES_XL;13638;15;13636;22;;;13655;15;13657;22;;;13646.5;0.0
3;1000;PEBBLES_XS;8037;15;8035;22;;;8047;15;8048;22;;;8042.0;0.0
3;1100;PEBBLES_XS;8037;14;8035;26;;;8047;14;8048;26;;;8042.0;0.0
3;1100;PEBBLES_XL;13657;14;13655;26;;;13675;14;13677;26;;;13666.0;0.0
3;1100;PEBBLES_L;10120;14;10119;26;;;10133;14;10135;26;;;10126.5;0.0
3;1100;PEBBLES_M;8988;14;8987;26;;;9000;14;9001;26;;;8994.0;0.0
3;1100;PEBBLES_S;9165;14;9164;26;;;9177;14;9179;26;;;9171.0;0.0
3;1200;PEBBLES_XS;8041;12;8040;22;;;8052;12;8053;22;;;8046.5;0.0
3;1200;PEBBLES_XL;13706;12;13703;22;;;13723;12;13725;22;;;13714.5;0.0
3;1200;PEBBLES_L;10093;12;10091;22;;;10106;12;10108;22;;;10099.5;0.0
3;1200;PEBBLES_M;8985;12;8984;22;;;8997;12;8998;22;;;8991.0;0.0
3;1200;PEBBLES_S;9143;12;9141;22;;;9155;12;9156;22;;;9149.0;0.0
3;1300;PEBBLES_S;9132;13;9130;30;;;9144;13;9145;30;;;9138.0;0.0
3;1300;PEBBLES_XS;8030;13;8029;30;;;8041;13;8042;30;;;8035.5;0.0
3;1300;PEBBLES_XL;13736;13;13734;30;;;13753;13;13755;30;;;13744.5;0.0
3;1300;PEBBLES_L;10100;13;10098;30;;;10113;13;10115;30;;;10106.5;0.0
3;1300;PEBBLES_M;8970;13;8969;30;;;8982;13;8983;30;;;8976.0;0.0
3;1400;PEBBLES_XL;13727;10;13725;24;;;13745;10;13747;24;;;13736.0;0.0
3;1400;PEBBLES_XS;8022;10;8021;24;;;8033;10;8034;24;;;8027.5;0.0
3;1400;PEBBLES_M;8964;10;8962;24;;;8975;10;8977;24;;;8969.5;0.0
3;1400;PEBBLES_L;10126;10;10124;24;;;10139;10;10140;24;;;10132.5;0.0
3;1400;PEBBLES_S;9129;10;9128;24;;;9141;10;9142;24;;;9135.0;0.0
3;1500;PEBBLES_XS;8002;10;8001;20;;;8013;10;8014;20;;;8007.5;0.0
3;1500;PEBBLES_XL;13766;10;13764;20;;;13783;10;13785;20;;;13774.5;0.0
3;1500;PEBBLES_M;8978;10;8976;20;;;8990;10;8991;20;;;8984.0;0.0
3;1500;PEBBLES_L;10118;10;10116;20;;;10131;10;10132;20;;;10124.5;0.0
3;1500;PEBBLES_S;9104;10;9103;20;;;9116;10;9117;20;;;9110.0;0.0
3;1600;PEBBLES_XS;7971;13;7969;28;;;7981;13;7982;28;;;7976.0;0.0
3;1600;PEBBLES_M;8956;13;8955;28;;;8968;13;8969;28;;;8962.0;0.0
3;1600;PEBBLES_L;10109;13;10107;28;;;10122;13;10123;28;;;10115.5;0.0
3;1600;PEBBLES_S;9093;13;9091;28;;;9105;13;9106;28;;;9099.0;0.0
3;1600;PEBBLES_XL;13839;13;13837;28;;;13857;13;13859;28;;;13848.0;0.0
3;1700;PEBBLES_XS;7986;13;7984;25;;;7996;13;7997;25;;;7991.0;0.0
3;1700;PEBBLES_XL;13835;13;13833;25;;;13852;13;13854;25;;;13843.5;0.0
3;1700;PEBBLES_M;8947;13;8945;25;;;8958;13;8960;25;;;8952.5;0.0
3;1700;PEBBLES_L;10086;13;10085;25;;;10100;13;10101;25;;;10093.0;0.0
3;1700;PEBBLES_S;9114;13;9113;25;;;9126;13;9127;25;;;9120.0;0.0
3;1800;PEBBLES_XL;13865;15;13863;27;;;13883;15;13885;27;;;13874.0;0.0
3;1800;PEBBLES_XS;7960;15;7959;27;;;7971;15;7972;27;;;7965.5;0.0
3;1800;PEBBLES_M;8930;15;8929;27;;;8942;15;8944;27;;;8936.0;0.0
3;1800;PEBBLES_L;10093;15;10092;27;;;10106;15;10108;27;;;10099.5;0.0
3;1800;PEBBLES_S;9118;15;9117;27;;;9130;15;9132;27;;;9124.0;0.0
3;1900;PEBBLES_M;8958;10;8956;27;;;8970;10;8971;27;;;8964.0;0.0
3;1900;PEBBLES_L;10107;10;10105;27;;;10120;10;10121;27;;;10113.5;0.0
3;1900;PEBBLES_S;9129;10;9127;27;;;9141;10;9142;27;;;9135.0;0.0
3;1900;PEBBLES_XS;7961;10;7960;27;;;7972;10;7973;27;;;7966.5;0.0
3;1900;PEBBLES_XL;13813;10;13811;27;;;13830;10;13832;27;;;13821.5;0.0
3;2000;PEBBLES_M;8976;14;8974;29;;;8987;14;8989;29;;;8981.5;0.0
3;2000;PEBBLES_L;10105;14;10103;29;;;10118;14;10119;29;;;10111.5;0.0
3;2000;PEBBLES_S;9117;14;9115;29;;;9129;14;9130;29;;;9123.0;0.0
3;2000;PEBBLES_XS;7951;14;7950;29;;;7962;14;7963;29;;;7956.5;0.0
3;2000;PEBBLES_XL;13819;14;13817;29;;;13837;14;13839;29;;;13828.0;0.0
3;2100;PEBBLES_M;8966;12;8965;29;;;8978;12;8979;29;;;8972.0;0.0
3;2100;PEBBLES_L;10084;12;10082;29;;;10097;12;10099;29;;;10090.5;0.0
3;2100;PEBBLES_S;9111;12;9109;29;;;9123;12;9124;29;;;9117.0;0.0
3;2100;PEBBLES_XS;7941;12;7940;29;;;7952;12;7953;29;;;7946.5;0.0
3;2100;PEBBLES_XL;13865;12;13863;29;;;13883;12;13885;29;;;13874.0;0.0
3;2200;PEBBLES_XL;13822;12;13820;28;;;13839;12;13842;28;;;13830.5;0.0
3;2200;PEBBLES_XS;7939;12;7938;28;;;7950;12;7951;28;;;7944.5;0.0
3;2200;PEBBLES_M;8989;12;8988;28;;;9001;12;9003;28;;;8995.0;0.0
3;2200;PEBBLES_L;10086;12;10084;28;;;10099;12;10100;28;;;10092.5;0.0
3;2200;PEBBLES_S;9131;12;9130;28;;;9143;12;9145;28;;;9137.0;0.0
3;2300;PEBBLES_XS;7959;14;7958;20;;;7969;14;7970;20;;;7964.0;0.0
3;2300;PEBBLES_XL;13805;14;13802;20;;;13822;14;13824;20;;;13813.5;0.0
3;2300;PEBBLES_M;8974;14;8973;20;;;8986;14;8988;20;;;8980.0;0.0
3;2300;PEBBLES_L;10082;14;10080;20;;;10095;14;10097;20;;;10088.5;0.0
3;2300;PEBBLES_S;9148;14;9146;20;;;9160;14;9161;20;;;9154.0;0.0
3;2400;PEBBLES_XS;7946;10;7945;24;;;7957;10;7958;24;;;7951.5;0.0
3;2400;PEBBLES_M;8957;10;8955;24;;;8968;10;8970;24;;;8962.5;0.0
3;2400;PEBBLES_L;10077;10;10075;24;;;10090;10;10092;24;;;10083.5;0.0
3;2400;PEBBLES_S;9173;10;9172;24;;;9185;10;9186;24;;;9179.0;0.0
3;2400;PEBBLES_XL;13815;10;13813;24;;;13832;10;13834;24;;;13823.5;0.0
3;2500;PEBBLES_XS;7932;14;7930;28;;;7942;14;7943;28;;;7937.0;0.0
3;2500;PEBBLES_XL;13856;14;13854;28;;;13874;14;13876;28;;;13865.0;0.0
3;2500;PEBBLES_L;10058;14;10057;28;;;10071;14;10073;28;;;10064.5;0.0
3;2500;PEBBLES_M;8958;14;8957;28;;;8970;14;8972;28;;;8964.0;0.0
3;2500;PEBBLES_S;9163;14;9162;28;;;9175;14;9176;28;;;9169.0;0.0
3;2600;PEBBLES_XL;13853;13;13851;22;;;13871;13;13873;22;;;13862.0;0.0
3;2600;PEBBLES_XS;7938;13;7937;22;;;7949;13;7950;22;;;7943.5;0.0
3;2600;PEBBLES_S;9138;13;9136;22;;;9150;13;9151;22;;;9144.0;0.0
3;2600;PEBBLES_L;10079;13;10077;22;;;10092;13;10094;22;;;10085.5;0.0
3;2600;PEBBLES_M;8959;13;8958;22;;;8971;13;8972;22;;;8965.0;0.0
3;2700;PEBBLES_XS;7970;14;7968;26;;;7980;14;7981;26;;;7975.0;0.0
3;2700;PEBBLES_XL;13814;14;13812;26;;;13831;14;13833;26;;;13822.5;0.0
3;2700;PEBBLES_L;10082;14;10081;26;;;10095;14;10097;26;;;10088.5;0.0
3;2700;PEBBLES_M;8966;14;8965;26;;;8978;14;8979;26;;;8972.0;0.0
3;2700;PEBBLES_S;9136;14;9134;26;;;9148;14;9149;26;;;9142.0;0.0
3;2800;PEBBLES_XS;7981;11;7979;30;;;7991;11;7992;30;;;7986.0;0.0
3;2800;PEBBLES_XL;13793;11;13790;30;;;13810;11;13812;30;;;13801.5;0.0
3;2800;PEBBLES_S;9112;11;9110;30;;;9124;11;9125;30;;;9118.0;0.0
3;2800;PEBBLES_L;10126;11;10125;30;;;10139;11;10141;30;;;10132.5;0.0
3;2800;PEBBLES_M;8956;11;8955;30;;;8968;11;8969;30;;;8962.0;0.0
3;2900;PEBBLES_S;9125;15;9124;29;;;9137;15;9139;29;;;9131.0;0.0
3;2900;PEBBLES_XS;7971;15;7970;29;;;7982;15;7983;29;;;7976.5;0.0
3;2900;PEBBLES_XL;13811;15;13809;29;;;13829;15;13831;29;;;13820.0;0.0
3;2900;PEBBLES_L;10108;15;10106;29;;;10121;15;10122;29;;;10114.5;0.0
3;2900;PEBBLES_M;8952;15;8951;29;;;8964;15;8965;29;;;8958.0;0.0
3;3000;PEBBLES_S;9123;14;9122;29;;;9135;14;9137;29;;;9129.0;0.0
3;3000;PEBBLES_L;10127;14;10125;29;;;10140;14;10141;29;;;10133.5;0.0
3;3000;PEBBLES_M;8959;14;8957;29;;;8971;14;8972;29;;;8965.0;0.0
3;3000;PEBBLES_XL;13781;14;13779;29;;;13799;14;13801;29;;;13790.0;0.0
3;3000;PEBBLES_XS;7977;14;7976;29;;;7988;14;7989;29;;;7982.5;0.0
3;3100;PEBBLES_L;10145;8;10139;10;10138;26;10152;10;10154;26;;;10148.5;0.0
3;3100;PEBBLES_M;8970;8;8965;10;8964;26;8977;10;8978;26;;;8973.5;0.0
3;3100;PEBBLES_S;9113;8;9108;10;9106;26;9120;10;9121;26;;;9116.5;0.0
3;3100;PEBBLES_XL;13798;8;13790;10;13788;26;13807;10;13809;26;;;13802.5;0.0
3;3100;PEBBLES_XS;7971;8;7966;10;7965;26;7976;10;7978;26;;;7973.5;0.0
3;3200;PEBBLES_XS;7973;11;7971;23;;;7983;11;7984;23;;;7978.0;0.0
3;3200;PEBBLES_S;9114;11;9112;23;;;9126;11;9127;23;;;9120.0;0.0
3;3200;PEBBLES_L;10144;11;10142;23;;;10157;11;10158;23;;;10150.5;0.0
3;3200;PEBBLES_XL;13785;11;13782;23;;;13802;11;13804;23;;;13793.5;0.0
3;3200;PEBBLES_M;8953;11;8951;23;;;8965;11;8966;23;;;8959.0;0.0
3;3300;PEBBLES_XL;13817;10;13815;27;;;13835;10;13837;27;;;13826.0;0.0
3;3300;PEBBLES_XS;7960;10;7959;27;;;7971;10;7972;27;;;7965.5;0.0
3;3300;PEBBLES_L;10152;10;10150;27;;;10165;10;10167;27;;;10158.5;0.0
3;3300;PEBBLES_M;8950;10;8949;27;;;8962;10;8963;27;;;8956.0;0.0
3;3300;PEBBLES_S;9088;10;9087;27;;;9100;10;9101;27;;;9094.0;0.0
3;3400;PEBBLES_XS;7962;11;7961;25;;;7972;11;7974;25;;;7967.0;0.0
3;3400;PEBBLES_XL;13783;11;13781;25;;;13801;11;13803;25;;;13792.0;0.0
3;3400;PEBBLES_S;9098;11;9096;25;;;9110;11;9111;25;;;9104.0;0.0
3;3400;PEBBLES_L;10148;11;10147;25;;;10161;11;10163;25;;;10154.5;0.0
3;3400;PEBBLES_M;8976;11;8975;25;;;8988;11;8989;25;;;8982.0;0.0
3;3500;PEBBLES_XL;13743;14;13741;29;;;13760;14;13762;29;;;13751.5;0.0
3;3500;PEBBLES_XS;8000;14;7999;29;;;8011;14;8012;29;;;8005.5;0.0
3;3500;PEBBLES_L;10163;14;10162;29;;;10176;14;10178;29;;;10169.5;0.0
3;3500;PEBBLES_M;8990;14;8989;29;;;9002;14;9003;29;;;8996.0;0.0
3;3500;PEBBLES_S;9072;14;9070;29;;;9084;14;9085;29;;;9078.0;0.0
3;3600;PEBBLES_XS;7989;11;7988;25;;;8000;11;8001;25;;;7994.5;0.0
3;3600;PEBBLES_XL;13738;11;13736;25;;;13756;11;13758;25;;;13747.0;0.0
3;3600;PEBBLES_S;9068;11;9067;25;;;9080;11;9082;25;;;9074.0;0.0
3;3600;PEBBLES_M;9003;11;9002;25;;;9015;11;9016;25;;;9009.0;0.0
3;3600;PEBBLES_L;10169;11;10167;25;;;10182;11;10183;25;;;10175.5;0.0
3;3700;PEBBLES_XL;13738;10;13736;20;;;13756;10;13758;20;;;13747.0;0.0
3;3700;PEBBLES_S;9063;10;9062;20;;;9075;10;9077;20;;;9069.0;0.0
3;3700;PEBBLES_XS;7986;10;7985;20;;;7997;10;7998;20;;;7991.5;0.0
3;3700;PEBBLES_M;8998;10;8997;20;;;9010;10;9012;20;;;9004.0;0.0
3;3700;PEBBLES_L;10182;10;10180;20;;;10195;10;10196;20;;;10188.5;0.0
3;3800;PEBBLES_XS;7982;14;7981;24;;;7993;14;7994;24;;;7987.5;0.0
3;3800;PEBBLES_XL;13769;14;13767;24;;;13787;14;13789;24;;;13778.0;0.0
3;3800;PEBBLES_S;9051;14;9050;24;;;9063;14;9064;24;;;9057.0;0.0
3;3800;PEBBLES_M;8992;14;8990;24;;;9003;14;9005;24;;;8997.5;0.0
3;3800;PEBBLES_L;10173;14;10172;24;;;10186;14;10188;24;;;10179.5;0.0
3;3900;PEBBLES_XL;13733;12;13731;25;;;13751;12;13753;25;;;13742.0;0.0
3;3900;PEBBLES_XS;8018;12;8017;25;;;8029;12;8030;25;;;8023.5;0.0
3;3900;PEBBLES_M;8999;12;8997;25;;;9011;12;9012;25;;;9005.0;0.0
3;3900;PEBBLES_L;10151;12;10150;25;;;10165;12;10166;25;;;10158.0;0.0
3;3900;PEBBLES_S;9066;12;9065;25;;;9078;12;9079;25;;;9072.0;0.0
3;4000;PEBBLES_S;9044;10;9043;22;;;9056;10;9057;22;;;9050.0;0.0
3;4000;PEBBLES_M;9007;10;9006;22;;;9019;10;9020;22;;;9013.0;0.0
3;4000;PEBBLES_XL;13748;10;13746;22;;;13766;10;13768;22;;;13757.0;0.0
3;4000;PEBBLES_L;10151;10;10149;22;;;10164;10;10166;22;;;10157.5;0.0
3;4000;PEBBLES_XS;8017;10;8016;22;;;8028;10;8029;22;;;8022.5;0.0
3;4100;PEBBLES_M;8993;12;8992;24;;;9005;12;9006;24;;;8999.0;0.0
3;4100;PEBBLES_L;10162;12;10161;24;;;10175;12;10177;24;;;10168.5;0.0
3;4100;PEBBLES_S;9044;12;9043;24;;;9056;12;9057;24;;;9050.0;0.0
3;4100;PEBBLES_XL;13749;12;13747;24;;;13766;12;13768;24;;;13757.5;0.0
3;4100;PEBBLES_XS;8019;12;8018;24;;;8030;12;8031;24;;;8024.5;0.0
3;4200;PEBBLES_S;9034;12;9033;27;;;9046;12;9047;27;;;9040.0;0.0
3;4200;PEBBLES_M;8999;12;8997;27;;;9011;12;9012;27;;;9005.0;0.0
3;4200;PEBBLES_L;10169;12;10168;27;;;10182;12;10184;27;;;10175.5;0.0
3;4200;PEBBLES_XS;8015;12;8014;27;;;8026;12;8027;27;;;8020.5;0.0
3;4200;PEBBLES_XL;13750;12;13748;27;;;13768;12;13770;27;;;13759.0;0.0
3;4300;PEBBLES_XL;13753;15;13751;21;;;13771;15;13773;21;;;13762.0;0.0
3;4300;PEBBLES_XS;8022;15;8021;21;;;8033;15;8034;21;;;8027.5;0.0
3;4300;PEBBLES_M;9009;15;9008;21;;;9021;15;9023;21;;;9015.0;0.0
3;4300;PEBBLES_L;10142;15;10140;21;;;10155;15;10156;21;;;10148.5;0.0
3;4300;PEBBLES_S;9042;15;9040;21;;;9053;15;9055;21;;;9047.5;0.0
3;4400;PEBBLES_XS;8025;12;8023;24;;;8035;12;8036;24;;;8030.0;0.0
3;4400;PEBBLES_XL;13707;12;13705;24;;;13725;12;13727;24;;;13716.0;0.0
3;4400;PEBBLES_S;9024;12;9023;24;;;9036;12;9038;24;;;9030.0;0.0
3;4400;PEBBLES_M;9040;12;9039;24;;;9052;12;9054;24;;;9046.0;0.0
3;4400;PEBBLES_L;10171;12;10169;24;;;10184;12;10185;24;;;10177.5;0.0
3;4500;PEBBLES_XL;13641;11;13639;25;;;13659;11;13661;25;;;13650.0;0.0
3;4500;PEBBLES_S;9049;11;9048;25;;;9061;11;9062;25;;;9055.0;0.0
3;4500;PEBBLES_XS;8033;11;8031;25;;;8043;11;8044;25;;;8038.0;0.0
3;4500;PEBBLES_M;9070;11;9068;25;;;9081;11;9083;25;;;9075.5;0.0
3;4500;PEBBLES_L;10175;11;10173;25;;;10188;11;10190;25;;;10181.5;0.0
3;4600;PEBBLES_XS;8029;11;8028;21;;;8040;11;8041;21;;;8034.5;0.0
3;4600;PEBBLES_XL;13619;11;13617;21;;;13636;11;13638;21;;;13627.5;0.0
3;4600;PEBBLES_S;9058;11;9057;21;;;9070;11;9071;21;;;9064.0;0.0
3;4600;PEBBLES_M;9082;11;9081;21;;;9094;11;9095;21;;;9088.0;0.0
3;4600;PEBBLES_L;10179;11;10178;21;;;10192;11;10194;21;;;10185.5;0.0
3;4700;PEBBLES_XL;13586;11;13584;27;;;13603;11;13605;27;;;13594.5;0.0
3;4700;PEBBLES_XS;8032;11;8031;27;;;8043;11;8044;27;;;8037.5;0.0
3;4700;PEBBLES_L;10207;11;10206;27;;;10220;11;10222;27;;;10213.5;0.0
3;4700;PEBBLES_M;9091;11;9090;27;;;9103;11;9104;27;;;9097.0;0.0
3;4700;PEBBLES_S;9051;11;9050;27;;;9063;11;9064;27;;;9057.0;0.0
3;4800;PEBBLES_XS;8025;10;8024;26;;;8035;10;8037;26;;;8030.0;0.0
3;4800;PEBBLES_S;9037;10;9035;26;;;9048;10;9050;26;;;9042.5;0.0
3;4800;PEBBLES_XL;13593;10;13591;26;;;13610;10;13612;26;;;13601.5;0.0
3;4800;PEBBLES_L;10189;10;10187;26;;;10202;10;10203;26;;;10195.5;0.0
3;4800;PEBBLES_M;9125;10;9123;26;;;9137;10;9138;26;;;9131.0;0.0
3;4900;PEBBLES_XL;13584;13;13582;25;;;13601;13;13603;25;;;13592.5;0.0
3;4900;PEBBLES_XS;8040;13;8039;25;;;8051;13;8052;25;;;8045.5;0.0
3;4900;PEBBLES_L;10195;13;10193;25;;;10208;13;10210;25;;;10201.5;0.0
3;4900;PEBBLES_M;9114;13;9113;25;;;9126;13;9128;25;;;9120.0;0.0
3;4900;PEBBLES_S;9034;13;9033;25;;;9046;13;9047;25;;;9040.0;0.0
3;5000;PEBBLES_XS;8064;8;8059;10;8058;26;8070;10;8071;26;;;8067.0;0.0
3;5000;PEBBLES_XL;13575;8;13566;10;13564;26;13584;10;13586;26;;;13579.5;0.0
3;5000;PEBBLES_S;9021;8;9015;10;9014;26;9027;10;9029;26;;;9024.0;0.0
3;5000;PEBBLES_L;10205;8;10199;10;10197;26;10212;10;10214;26;;;10208.5;0.0
3;5000;PEBBLES_M;9133;8;9127;10;9126;26;9139;10;9141;26;;;9136.0;0.0
3;5100;PEBBLES_L;10201;13;10199;24;;;10214;13;10215;24;;;10207.5;0.0
3;5100;PEBBLES_M;9123;13;9121;24;;;9135;13;9136;24;;;9129.0;0.0
3;5100;PEBBLES_S;9024;13;9023;24;;;9036;13;9038;24;;;9030.0;0.0
3;5100;PEBBLES_XL;13589;13;13587;24;;;13606;13;13608;24;;;13597.5;0.0
3;5100;PEBBLES_XS;8031;13;8029;24;;;8041;13;8042;24;;;8036.0;0.0
3;5200;PEBBLES_S;9021;14;9019;30;;;9033;14;9034;30;;;9027.0;0.0
3;5200;PEBBLES_L;10211;14;10210;30;;;10225;14;10226;30;;;10218.0;0.0
3;5200;PEBBLES_M;9113;14;9112;30;;;9125;14;9127;30;;;9119.0;0.0
3;5200;PEBBLES_XS;8029;14;8028;30;;;8040;14;8041;30;;;8034.5;0.0
3;5200;PEBBLES_XL;13592;14;13590;30;;;13610;14;13612;30;;;13601.0;0.0
3;5300;PEBBLES_L;10198;14;10196;29;;;10211;14;10213;29;;;10204.5;0.0
3;5300;PEBBLES_M;9134;14;9132;29;;;9146;14;9147;29;;;9140.0;0.0
3;5300;PEBBLES_XL;13611;14;13609;29;;;13628;14;13630;29;;;13619.5;0.0
3;5300;PEBBLES_S;9013;14;9012;29;;;9025;14;9026;29;;;9019.0;0.0
3;5300;PEBBLES_XS;8012;14;8011;29;;;8022;14;8024;29;;;8017.0;0.0
3;5400;PEBBLES_XS;8011;14;8010;25;;;8022;14;8023;25;;;8016.5;0.0
3;5400;PEBBLES_XL;13607;14;13605;25;;;13625;14;13627;25;;;13616.0;0.0
3;5400;PEBBLES_S;9024;14;9023;25;;;9036;14;9038;25;;;9030.0;0.0
3;5400;PEBBLES_L;10186;14;10185;25;;;10200;14;10201;25;;;10193.0;0.0
3;5400;PEBBLES_M;9138;14;9137;25;;;9150;14;9152;25;;;9144.0;0.0
3;5500;PEBBLES_XL;13601;11;13599;29;;;13619;11;13621;29;;;13610.0;0.0
3;5500;PEBBLES_XS;8017;11;8016;29;;;8028;11;8029;29;;;8022.5;0.0
3;5500;PEBBLES_L;10185;11;10184;29;;;10198;11;10200;29;;;10191.5;0.0
3;5500;PEBBLES_M;9143;11;9141;29;;;9154;11;9156;29;;;9148.5;0.0
3;5500;PEBBLES_S;9022;11;9020;29;;;9033;11;9035;29;;;9027.5;0.0
3;5600;PEBBLES_XS;8007;15;8006;28;;;8018;15;8019;28;;;8012.5;0.0
3;5600;PEBBLES_S;9018;15;9017;28;;;9030;15;9032;28;;;9024.0;0.0
3;5600;PEBBLES_L;10174;15;10173;28;;;10188;15;10189;28;;;10181.0;0.0
3;5600;PEBBLES_XL;13637;15;13635;28;;;13654;15;13656;28;;;13645.5;0.0
3;5600;PEBBLES_M;9130;15;9129;28;;;9142;15;9144;28;;;9136.0;0.0
3;5700;PEBBLES_XL;13623;11;13621;25;;;13640;11;13642;25;;;13631.5;0.0
3;5700;PEBBLES_XS;8003;11;8002;25;;;8013;11;8015;25;;;8008.0;0.0
3;5700;PEBBLES_L;10166;11;10165;25;;;10180;11;10181;25;;;10173.0;0.0
3;5700;PEBBLES_M;9137;11;9136;25;;;9149;11;9151;25;;;9143.0;0.0
3;5700;PEBBLES_S;9038;11;9037;25;;;9050;11;9051;25;;;9044.0;0.0
3;5800;PEBBLES_XS;8003;15;8001;21;;;8013;15;8014;21;;;8008.0;0.0
3;5800;PEBBLES_XL;13610;15;13608;21;;;13627;15;13629;21;;;13618.5;0.0
3;5800;PEBBLES_S;9032;15;9031;21;;;9044;15;9045;21;;;9038.0;0.0
3;5800;PEBBLES_M;9147;15;9146;21;;;9159;15;9161;21;;;9153.0;0.0
3;5800;PEBBLES_L;10176;15;10174;21;;;10189;15;10190;21;;;10182.5;0.0
3;5900;PEBBLES_XL;13630;10;13628;30;;;13648;10;13650;30;;;13639.0;0.0
3;5900;PEBBLES_XS;8015;10;8013;30;;;8025;10;8027;30;;;8020.0;0.0
3;5900;PEBBLES_M;9153;10;9151;30;;;9165;10;9166;30;;;9159.0;0.0
3;5900;PEBBLES_L;10156;10;10154;30;;;10169;10;10171;30;;;10162.5;0.0
3;5900;PEBBLES_S;9014;10;9013;30;;;9026;10;9027;30;;;9020.0;0.0
3;6000;PEBBLES_XS;8018;11;8017;26;;;8029;11;8030;26;;;8023.5;0.0
3;6000;PEBBLES_XL;13636;11;13634;26;;;13653;11;13655;26;;;13644.5;0.0
3;6000;PEBBLES_S;9004;11;9003;26;;;9016;11;9018;26;;;9010.0;0.0
3;6000;PEBBLES_M;9153;11;9152;26;;;9165;11;9167;26;;;9159.0;0.0
3;6000;PEBBLES_L;10156;11;10154;26;;;10169;11;10171;26;;;10162.5;0.0
3;6100;PEBBLES_XL;13634;14;13632;26;;;13651;14;13653;26;;;13642.5;0.0
3;6100;PEBBLES_S;8989;14;8987;26;;;9001;14;9002;26;;;8995.0;0.0
3;6100;PEBBLES_XS;8002;14;8000;26;;;8012;14;8013;26;;;8007.0;0.0
3;6100;PEBBLES_M;9161;14;9159;26;;;9173;14;9174;26;;;9167.0;0.0
3;6100;PEBBLES_L;10182;14;10181;26;;;10196;14;10197;26;;;10189.0;0.0
3;6200;PEBBLES_S;9016;14;9015;20;;;9028;14;9029;20;;;9022.0;0.0
3;6200;PEBBLES_M;9168;14;9167;20;;;9180;14;9182;20;;;9174.0;0.0
3;6200;PEBBLES_L;10183;14;10181;20;;;10196;14;10197;20;;;10189.5;0.0
3;6200;PEBBLES_XS;7991;14;7990;20;;;8001;14;8003;20;;;7996.0;0.0
3;6200;PEBBLES_XL;13610;14;13608;20;;;13627;14;13629;20;;;13618.5;0.0
3;6300;PEBBLES_M;9175;15;9174;30;;;9187;15;9189;30;;;9181.0;0.0
3;6300;PEBBLES_L;10212;15;10210;30;;;10225;15;10227;30;;;10218.5;0.0
3;6300;PEBBLES_S;9050;15;9049;30;;;9062;15;9064;30;;;9056.0;0.0
3;6300;PEBBLES_XL;13518;15;13516;30;;;13536;15;13538;30;;;13527.0;0.0
3;6300;PEBBLES_XS;8012;15;8010;30;;;8022;15;8023;30;;;8017.0;0.0
3;6400;PEBBLES_XS;8010;13;8009;23;;;8020;13;8022;23;;;8015.0;0.0
3;6400;PEBBLES_S;9075;13;9074;23;;;9087;13;9089;23;;;9081.0;0.0
3;6400;PEBBLES_M;9197;13;9195;23;;;9209;13;9210;23;;;9203.0;0.0
3;6400;PEBBLES_XL;13482;13;13480;23;;;13499;13;13501;23;;;13490.5;0.0
3;6400;PEBBLES_L;10203;13;10202;23;;;10217;13;10218;23;;;10210.0;0.0
3;6500;PEBBLES_XL;13475;13;13473;26;;;13492;13;13495;26;;;13483.5;0.0
3;6500;PEBBLES_XS;7996;13;7995;26;;;8007;13;8008;26;;;8001.5;0.0
3;6500;PEBBLES_M;9204;13;9203;26;;;9216;13;9218;26;;;9210.0;0.0
3;6500;PEBBLES_L;10216;13;10215;26;;;10230;13;10231;26;;;10223.0;0.0
3;6500;PEBBLES_S;9075;13;9074;26;;;9087;13;9088;26;;;9081.0;0.0
3;6600;PEBBLES_XS;8015;10;8014;26;;;8026;10;8027;26;;;8020.5;0.0
3;6600;PEBBLES_XL;13458;10;13456;26;;;13476;10;13478;26;;;13467.0;0.0
3;6600;PEBBLES_S;9059;10;9057;26;;;9071;10;9072;26;;;9065.0;0.0
3;6600;PEBBLES_M;9208;10;9206;26;;;9220;10;9221;26;;;9214.0;0.0
3;6600;PEBBLES_L;10227;10;10226;26;;;10241;10;10242;26;;;10234.0;0.0
3;6700;PEBBLES_XL;13430;15;13428;22;;;13447;15;13449;22;;;13438.5;0.0
3;6700;PEBBLES_XS;8027;15;8026;22;;;8037;15;8039;22;;;8032.0;0.0
3;6700;PEBBLES_M;9205;15;9204;22;;;9217;15;9219;22;;;9211.0;0.0
3;6700;PEBBLES_L;10227;15;10225;22;;;10240;15;10242;22;;;10233.5;0.0
3;6700;PEBBLES_S;9079;15;9078;22;;;9091;15;9092;22;;;9085.0;0.0
3;6800;PEBBLES_XS;8023;14;8021;27;;;8033;14;8034;27;;;8028.0;0.0
3;6800;PEBBLES_XL;13451;14;13449;27;;;13468;14;13470;27;;;13459.5;0.0
3;6800;PEBBLES_S;9091;14;9090;27;;;9103;14;9105;27;;;9097.0;0.0
3;6800;PEBBLES_M;9183;14;9182;27;;;9195;14;9197;27;;;9189.0;0.0
3;6800;PEBBLES_L;10219;14;10218;27;;;10232;14;10234;27;;;10225.5;0.0
3;6900;PEBBLES_XL;13380;13;13378;30;;;13397;13;13399;30;;;13388.5;0.0
3;6900;PEBBLES_XS;8054;13;8053;30;;;8065;13;8066;30;;;8059.5;0.0
3;6900;PEBBLES_S;9120;13;9119;30;;;9132;13;9133;30;;;9126.0;0.0
3;6900;PEBBLES_L;10214;13;10212;30;;;10227;13;10228;30;;;10220.5;0.0
3;6900;PEBBLES_M;9199;13;9198;30;;;9212;13;9213;30;;;9205.5;0.0
3;7000;PEBBLES_XS;8043;10;8041;26;;;8053;10;8054;26;;;8048.0;0.0
3;7000;PEBBLES_XL;13402;10;13400;26;;;13419;10;13421;26;;;13410.5;0.0
3;7000;PEBBLES_L;10213;10;10211;26;;;10226;10;10227;26;;;10219.5;0.0
3;7000;PEBBLES_M;9209;10;9208;26;;;9221;10;9223;26;;;9215.0;0.0
3;7000;PEBBLES_S;9101;10;9100;26;;;9113;10;9114;26;;;9107.0;0.0
3;7100;PEBBLES_XL;13421;11;13419;26;;;13438;11;13440;26;;;13429.5;0.0
3;7100;PEBBLES_XS;8025;11;8024;26;;;8035;11;8037;26;;;8030.0;0.0
3;7100;PEBBLES_S;9116;11;9115;26;;;9128;11;9129;26;;;9122.0;0.0
3;7100;PEBBLES_L;10215;11;10214;26;;;10228;11;10230;26;;;10221.5;0.0
3;7100;PEBBLES_M;9191;11;9189;26;;;9203;11;9204;26;;;9197.0;0.0
3;7200;PEBBLES_XL;13418;11;13416;20;;;13435;11;13437;20;;;13426.5;0.0
3;7200;PEBBLES_L;10211;11;10209;20;;;10224;11;10226;20;;;10217.5;0.0
3;7200;PEBBLES_M;9189;11;9188;20;;;9201;11;9203;20;;;9195.0;0.0
3;7200;PEBBLES_S;9131;11;9130;20;;;9143;11;9145;20;;;9137.0;0.0
3;7200;PEBBLES_XS;8018;11;8017;20;;;8029;11;8030;20;;;8023.5;0.0
3;7300;PEBBLES_L;10198;11;10196;23;;;10211;11;10212;23;;;10204.5;0.0
3;7300;PEBBLES_M;9213;11;9211;23;;;9225;11;9226;23;;;9219.0;0.0
3;7300;PEBBLES_S;9141;11;9140;23;;;9153;11;9154;23;;;9147.0;0.0
3;7300;PEBBLES_XL;13409;11;13407;23;;;13426;11;13428;23;;;13417.5;0.0
3;7300;PEBBLES_XS;8007;11;8006;23;;;8018;11;8019;23;;;8012.5;0.0
3;7400;PEBBLES_L;10172;13;10171;22;;;10186;13;10187;22;;;10179.0;0.0
3;7400;PEBBLES_M;9208;13;9206;22;;;9220;13;9221;22;;;9214.0;0.0
3;7400;PEBBLES_S;9150;13;9148;22;;;9162;13;9163;22;;;9156.0;0.0
3;7400;PEBBLES_XS;7981;13;7980;22;;;7992;13;7993;22;;;7986.5;0.0
3;7400;PEBBLES_XL;13456;13;13454;22;;;13473;13;13475;22;;;13464.5;0.0
3;7500;PEBBLES_XL;13399;11;13397;30;;;13416;11;13418;30;;;13407.5;0.0
3;7500;PEBBLES_XS;8005;11;8004;30;;;8016;11;8017;30;;;8010.5;0.0
3;7500;PEBBLES_S;9179;11;9177;30;;;9191;11;9192;30;;;9185.0;0.0
3;7500;PEBBLES_L;10182;11;10180;30;;;10195;11;10196;30;;;10188.5;0.0
3;7500;PEBBLES_M;9204;11;9202;30;;;9216;11;9217;30;;;9210.0;0.0
3;7600;PEBBLES_XS;8008;15;8007;22;;;8019;15;8020;22;;;8013.5;0.0
3;7600;PEBBLES_XL;13402;15;13400;22;;;13419;15;13421;22;;;13410.5;0.0
3;7600;PEBBLES_L;10176;15;10174;22;;;10189;15;10190;22;;;10182.5;0.0
3;7600;PEBBLES_M;9179;15;9178;22;;;9191;15;9193;22;;;9185.0;0.0
3;7600;PEBBLES_S;9202;15;9201;22;;;9214;15;9215;22;;;9208.0;0.0
3;7700;PEBBLES_XS;8040;11;8039;20;;;8051;11;8052;20;;;8045.5;0.0
3;7700;PEBBLES_XL;13391;11;13389;20;;;13408;11;13410;20;;;13399.5;0.0
3;7700;PEBBLES_S;9196;11;9195;20;;;9208;11;9210;20;;;9202.0;0.0
3;7700;PEBBLES_L;10176;11;10174;20;;;10189;11;10190;20;;;10182.5;0.0
3;7700;PEBBLES_M;9164;11;9163;20;;;9176;11;9178;20;;;9170.0;0.0
3;7800;PEBBLES_XS;8044;10;8042;23;;;8054;10;8055;23;;;8049.0;0.0
3;7800;PEBBLES_XL;13362;10;13360;23;;;13379;10;13381;23;;;13370.5;0.0
3;7800;PEBBLES_L;10173;10;10171;23;;;10186;10;10187;23;;;10179.5;0.0
3;7800;PEBBLES_M;9169;10;9168;23;;;9181;10;9183;23;;;9175.0;0.0
3;7800;PEBBLES_S;9220;10;9219;23;;;9232;10;9234;23;;;9226.0;0.0
3;7900;PEBBLES_XS;8042;10;8041;30;;;8053;10;8054;30;;;8047.5;0.0
3;7900;PEBBLES_XL;13313;10;13311;30;;;13330;10;13332;30;;;13321.5;0.0
3;7900;PEBBLES_S;9246;10;9244;30;;;9258;10;9259;30;;;9252.0;0.0
3;7900;PEBBLES_L;10189;10;10188;30;;;10202;10;10204;30;;;10195.5;0.0
3;7900;PEBBLES_M;9178;10;9176;30;;;9190;10;9191;30;;;9184.0;0.0
3;8000;PEBBLES_XS;8015;11;8014;27;;;8026;11;8027;27;;;8020.5;0.0
3;8000;PEBBLES_XL;13368;11;13366;27;;;13385;11;13387;27;;;13376.5;0.0
3;8000;PEBBLES_M;9171;11;9170;27;;;9183;11;9184;27;;;9177.0;0.0
3;8000;PEBBLES_L;10183;11;10181;27;;;10196;11;10197;27;;;10189.5;0.0
3;8000;PEBBLES_S;9231;11;9230;27;;;9243;11;9244;27;;;9237.0;0.0
3;8100;PEBBLES_XS;8020;11;8019;20;;;8030;11;8032;20;;;8025.0;0.0
3;8100;PEBBLES_XL;13337;11;13335;20;;;13354;11;13356;20;;;13345.5;0.0
3;8100;PEBBLES_M;9191;11;9189;20;;;9203;11;9204;20;;;9197.0;0.0
3;8100;PEBBLES_L;10188;11;10187;20;;;10201;11;10203;20;;;10194.5;0.0
3;8100;PEBBLES_S;9232;11;9230;20;;;9244;11;9245;20;;;9238.0;0.0
3;8200;PEBBLES_XS;8022;15;8021;27;;;8033;15;8034;27;;;8027.5;0.0
3;8200;PEBBLES_XL;13383;15;13381;27;;;13400;15;13402;27;;;13391.5;0.0
3;8200;PEBBLES_M;9191;15;9190;27;;;9203;15;9204;27;;;9197.0;0.0
3;8200;PEBBLES_L;10159;15;10157;27;;;10172;15;10173;27;;;10165.5;0.0
3;8200;PEBBLES_S;9213;15;9212;27;;;9225;15;9227;27;;;9219.0;0.0
3;8300;PEBBLES_S;9211;14;9209;25;;;9223;14;9224;25;;;9217.0;0.0
3;8300;PEBBLES_M;9168;14;9167;25;;;9180;14;9182;25;;;9174.0;0.0
3;8300;PEBBLES_L;10169;14;10168;25;;;10183;14;10184;25;;;10176.0;0.0
3;8300;PEBBLES_XS;8048;14;8047;25;;;8059;14;8060;25;;;8053.5;0.0
3;8300;PEBBLES_XL;13371;14;13369;25;;;13388;14;13390;25;;;13379.5;0.0
3;8400;PEBBLES_M;9184;11;9182;26;;;9196;11;9197;26;;;9190.0;0.0
3;8400;PEBBLES_L;10165;11;10163;26;;;10178;11;10180;26;;;10171.5;0.0
3;8400;PEBBLES_S;9206;11;9205;26;;;9218;11;9220;26;;;9212.0;0.0
3;8400;PEBBLES_XS;8036;11;8035;26;;;8047;11;8048;26;;;8041.5;0.0
3;8400;PEBBLES_XL;13377;11;13375;26;;;13394;11;13396;26;;;13385.5;0.0
3;8500;PEBBLES_M;9209;13;9208;25;;;9221;13;9223;25;;;9215.0;0.0
3;8500;PEBBLES_L;10158;13;10157;25;;;10171;13;10173;25;;;10164.5;0.0
3;8500;PEBBLES_XS;8040;13;8039;25;;;8051;13;8052;25;;;8045.5;0.0
3;8500;PEBBLES_XL;13361;13;13359;25;;;13378;13;13380;25;;;13369.5;0.0
3;8500;PEBBLES_S;9199;13;9197;25;;;9211;13;9212;25;;;9205.0;0.0
3;8600;PEBBLES_XS;8050;11;8049;29;;;8061;11;8062;29;;;8055.5;0.0
3;8600;PEBBLES_XL;13340;11;13338;29;;;13357;11;13359;29;;;13348.5;0.0
3;8600;PEBBLES_M;9237;11;9236;29;;;9250;11;9251;29;;;9243.5;0.0
3;8600;PEBBLES_L;10139;11;10138;29;;;10152;11;10154;29;;;10145.5;0.0
3;8600;PEBBLES_S;9200;11;9199;29;;;9212;11;9214;29;;;9206.0;0.0
3;8700;PEBBLES_XS;8056;10;8055;24;;;8067;10;8068;24;;;8061.5;0.0
3;8700;PEBBLES_XL;13339;10;13337;24;;;13356;10;13358;24;;;13347.5;0.0
3;8700;PEBBLES_S;9206;10;9205;24;;;9218;10;9220;24;;;9212.0;0.0
3;8700;PEBBLES_M;9237;10;9236;24;;;9250;10;9251;24;;;9243.5;0.0
3;8700;PEBBLES_L;10129;10;10127;24;;;10142;10;10143;24;;;10135.5;0.0
3;8800;PEBBLES_XS;8055;12;8054;29;;;8066;12;8067;29;;;8060.5;0.0
3;8800;PEBBLES_XL;13351;12;13349;29;;;13368;12;13370;29;;;13359.5;0.0
3;8800;PEBBLES_M;9229;12;9227;29;;;9241;12;9242;29;;;9235.0;0.0
3;8800;PEBBLES_L;10108;12;10106;29;;;10121;12;10122;29;;;10114.5;0.0
3;8800;PEBBLES_S;9225;12;9224;29;;;9237;12;9238;29;;;9231.0;0.0
3;8900;PEBBLES_XS;8048;10;8047;27;;;8059;10;8060;27;;;8053.5;0.0
3;8900;PEBBLES_XL;13383;10;13381;27;;;13400;10;13402;27;;;13391.5;0.0
3;8900;PEBBLES_M;9212;10;9211;27;;;9224;10;9226;27;;;9218.0;0.0
3;8900;PEBBLES_L;10112;10;10111;27;;;10125;10;10127;27;;;10118.5;0.0
3;8900;PEBBLES_S;9212;10;9211;27;;;9224;10;9226;27;;;9218.0;0.0
3;9000;PEBBLES_XS;8050;15;8049;22;;;8061;15;8062;22;;;8055.5;0.0
3;9000;PEBBLES_XL;13391;15;13389;22;;;13408;15;13410;22;;;13399.5;0.0
3;9000;PEBBLES_M;9164;15;9163;22;;;9176;15;9177;22;;;9170.0;0.0
3;9000;PEBBLES_L;10145;15;10143;22;;;10158;15;10159;22;;;10151.5;0.0
3;9000;PEBBLES_S;9217;15;9216;22;;;9229;15;9230;22;;;9223.0;0.0
3;9100;PEBBLES_XS;8048;14;8047;29;;;8059;14;8060;29;;;8053.5;0.0
3;9100;PEBBLES_XL;13313;14;13311;29;;;13330;14;13332;29;;;13321.5;0.0
3;9100;PEBBLES_S;9250;14;9248;29;;;9262;14;9263;29;;;9256.0;0.0
3;9100;PEBBLES_M;9176;14;9175;29;;;9188;14;9190;29;;;9182.0;0.0
3;9100;PEBBLES_L;10181;14;10179;29;;;10194;14;10195;29;;;10187.5;0.0
3;9200;PEBBLES_XS;8035;15;8034;22;;;8046;15;8047;22;;;8040.5;0.0
3;9200;PEBBLES_XL;13324;15;13322;22;;;13341;15;13343;22;;;13332.5;0.0
3;9200;PEBBLES_L;10180;15;10179;22;;;10193;15;10195;22;;;10186.5;0.0
3;9200;PEBBLES_M;9153;15;9151;22;;;9165;15;9166;22;;;9159.0;0.0
3;9200;PEBBLES_S;9276;15;9274;22;;;9288;15;9289;22;;;9282.0;0.0
3;9300;PEBBLES_XS;8027;14;8026;30;;;8038;14;8039;30;;;8032.5;0.0
3;9300;PEBBLES_XL;13322;14;13320;30;;;13339;14;13341;30;;;13330.5;0.0
3;9300;PEBBLES_S;9274;14;9272;30;;;9286;14;9287;30;;;9280.0;0.0
3;9300;PEBBLES_L;10186;14;10184;30;;;10199;14;10200;30;;;10192.5;0.0
3;9300;PEBBLES_M;9159;14;9157;30;;;9171;14;9172;30;;;9165.0;0.0
3;9400;PEBBLES_L;10174;13;10172;26;;;10187;13;10189;26;;;10180.5;0.0
3;9400;PEBBLES_M;9171;13;9170;26;;;9183;13;9185;26;;;9177.0;0.0
3;9400;PEBBLES_S;9263;13;9262;26;;;9275;13;9277;26;;;9269.0;0.0
3;9400;PEBBLES_XS;8025;13;8024;26;;;8036;13;8037;26;;;8030.5;0.0
3;9400;PEBBLES_XL;13334;13;13332;26;;;13351;13;13353;26;;;13342.5;0.0
3;9500;PEBBLES_S;9258;10;9257;23;;;9271;10;9272;23;;;9264.5;0.0
3;9500;PEBBLES_L;10183;10;10182;23;;;10196;10;10198;23;;;10189.5;0.0
3;9500;PEBBLES_M;9171;10;9170;23;;;9183;10;9185;23;;;9177.0;0.0
3;9500;PEBBLES_XS;8027;10;8026;23;;;8037;10;8039;23;;;8032.0;0.0
3;9500;PEBBLES_XL;13328;10;13326;23;;;13345;10;13347;23;;;13336.5;0.0
3;9600;PEBBLES_XS;8017;12;8016;30;;;8027;12;8029;30;;;8022.0;0.0
3;9600;PEBBLES_XL;13362;12;13360;30;;;13379;12;13381;30;;;13370.5;0.0
3;9600;PEBBLES_L;10194;12;10192;30;;;10207;12;10208;30;;;10200.5;0.0
3;9600;PEBBLES_M;9138;12;9137;30;;;9150;12;9151;30;;;9144.0;0.0
3;9600;PEBBLES_S;9257;12;9256;30;;;9269;12;9270;30;;;9263.0;0.0
3;9700;PEBBLES_XS;8006;10;8004;20;;;8016;10;8017;20;;;8011.0;0.0
3;9700;PEBBLES_XL;13324;10;13322;20;;;13341;10;13343;20;;;13332.5;0.0
3;9700;PEBBLES_L;10201;10;10200;20;;;10214;10;10216;20;;;10207.5;0.0
3;9700;PEBBLES_M;9164;10;9163;20;;;9176;10;9177;20;;;9170.0;0.0
3;9700;PEBBLES_S;9273;10;9271;20;;;9285;10;9286;20;;;9279.0;0.0
3;9800;PEBBLES_XS;8006;12;8005;21;;;8016;12;8018;21;;;8011.0;0.0
3;9800;PEBBLES_XL;13324;12;13322;21;;;13341;12;13343;21;;;13332.5;0.0
3;9800;PEBBLES_L;10204;12;10202;21;;;10217;12;10219;21;;;10210.5;0.0
3;9800;PEBBLES_M;9176;12;9175;21;;;9188;12;9189;21;;;9182.0;0.0
3;9800;PEBBLES_S;9257;12;9256;21;;;9270;12;9271;21;;;9263.5;0.0
3;9900;PEBBLES_XS;7997;14;7996;21;;;8008;14;8009;21;;;8002.5;0.0
3;9900;PEBBLES_XL;13349;14;13346;21;;;13366;14;13368;21;;;13357.5;0.0
3;9900;PEBBLES_S;9239;14;9238;21;;;9251;14;9253;21;;;9245.0;0.0
3;9900;PEBBLES_L;10198;14;10196;21;;;10211;14;10213;21;;;10204.5;0.0
3;9900;PEBBLES_M;9185;14;9183;21;;;9197;14;9198;21;;;9191.0;0.0
3;10000;PEBBLES_XS;7997;14;7996;22;;;8008;14;8009;22;;;8002.5;0.0
3;10000;PEBBLES_XL;13321;14;13319;22;;;13338;14;13340;22;;;13329.5;0.0
3;10000;PEBBLES_L;10194;14;10193;22;;;10207;14;10209;22;;;10200.5;0.0
3;10000;PEBBLES_M;9213;14;9211;22;;;9225;14;9226;22;;;9219.0;0.0
3;10000;PEBBLES_S;9243;14;9242;22;;;9255;14;9257;22;;;9249.0;0.0
3;10100;PEBBLES_XS;7983;11;7982;22;;;7994;11;7995;22;;;7988.5;0.0
3;10100;PEBBLES_XL;13350;11;13348;22;;;13367;11;13369;22;;;13358.5;0.0
3;10100;PEBBLES_S;9217;11;9216;22;;;9229;11;9231;22;;;9223.0;0.0
3;10100;PEBBLES_L;10184;11;10183;22;;;10198;11;10199;22;;;10191.0;0.0
3;10100;PEBBLES_M;9232;11;9231;22;;;9244;11;9246;22;;;9238.0;0.0
3;10200;PEBBLES_XS;7961;14;7960;29;;;7971;14;7973;29;;;7966.0;0.0
3;10200;PEBBLES_XL;13385;14;13383;29;;;13402;14;13404;29;;;13393.5;0.0
3;10200;PEBBLES_L;10163;14;10162;29;;;10177;14;10178;29;;;10170.0;0.0
3;10200;PEBBLES_M;9222;14;9221;29;;;9234;14;9235;29;;;9228.0;0.0
3;10200;PEBBLES_S;9236;14;9235;29;;;9248;14;9250;29;;;9242.0;0.0
3;10300;PEBBLES_XS;7942;12;7941;25;;;7953;12;7954;25;;;7947.5;0.0
3;10300;PEBBLES_XL;13430;12;13428;25;;;13447;12;13449;25;;;13438.5;0.0
3;10300;PEBBLES_S;9233;12;9231;25;;;9245;12;9246;25;;;9239.0;0.0
3;10300;PEBBLES_M;9218;12;9216;25;;;9230;12;9231;25;;;9224.0;0.0
3;10300;PEBBLES_L;10145;12;10143;25;;;10158;12;10160;25;;;10151.5;0.0
3;10400;PEBBLES_XL;13421;11;13419;25;;;13438;11;13440;25;;;13429.5;0.0
3;10400;PEBBLES_M;9238;11;9237;25;;;9250;11;9252;25;;;9244.0;0.0
3;10400;PEBBLES_L;10136;11;10134;25;;;10149;11;10150;25;;;10142.5;0.0
3;10400;PEBBLES_S;9234;11;9232;25;;;9246;11;9247;25;;;9240.0;0.0
3;10400;PEBBLES_XS;7939;11;7938;25;;;7950;11;7951;25;;;7944.5;0.0
3;10500;PEBBLES_M;9231;11;9229;27;;;9243;11;9244;27;;;9237.0;0.0
3;10500;PEBBLES_L;10144;11;10143;27;;;10158;11;10159;27;;;10151.0;0.0
3;10500;PEBBLES_S;9253;11;9252;27;;;9265;11;9267;27;;;9259.0;0.0
3;10500;PEBBLES_XS;7954;11;7953;27;;;7965;11;7966;27;;;7959.5;0.0
3;10500;PEBBLES_XL;13385;11;13383;27;;;13402;11;13404;27;;;13393.5;0.0
3;10600;PEBBLES_M;9208;13;9206;23;;;9220;13;9221;23;;;9214.0;0.0
3;10600;PEBBLES_L;10149;13;10147;23;;;10162;13;10163;23;;;10155.5;0.0
3;10600;PEBBLES_S;9244;13;9242;23;;;9256;13;9257;23;;;9250.0;0.0
3;10600;PEBBLES_XS;7964;13;7963;23;;;7975;13;7976;23;;;7969.5;0.0
3;10600;PEBBLES_XL;13403;13;13401;23;;;13420;13;13422;23;;;13411.5;0.0
3;10700;PEBBLES_XS;7983;13;7982;21;;;7994;13;7995;21;;;7988.5;0.0
3;10700;PEBBLES_XL;13408;13;13406;21;;;13425;13;13427;21;;;13416.5;0.0
3;10700;PEBBLES_S;9232;13;9231;21;;;9245;13;9246;21;;;9238.5;0.0
3;10700;PEBBLES_M;9209;13;9207;21;;;9221;13;9222;21;;;9215.0;0.0
3;10700;PEBBLES_L;10135;13;10133;21;;;10148;13;10150;21;;;10141.5;0.0
3;10800;PEBBLES_XS;7976;10;7974;23;;;7986;10;7987;23;;;7981.0;0.0
3;10800;PEBBLES_XL;13442;10;13440;23;;;13459;10;13461;23;;;13450.5;0.0
3;10800;PEBBLES_M;9199;10;9197;23;;;9211;10;9212;23;;;9205.0;0.0
3;10800;PEBBLES_L;10133;10;10132;23;;;10147;10;10148;23;;;10140.0;0.0
3;10800;PEBBLES_S;9218;10;9216;23;;;9230;10;9231;23;;;9224.0;0.0
3;10900;PEBBLES_XS;7963;13;7961;25;;;7973;13;7974;25;;;7968.0;0.0
3;10900;PEBBLES_XL;13437;13;13435;25;;;13454;13;13456;25;;;13445.5;0.0
3;10900;PEBBLES_S;9212;13;9210;25;;;9224;13;9225;25;;;9218.0;0.0
3;10900;PEBBLES_M;9225;13;9224;25;;;9238;13;9239;25;;;9231.5;0.0
3;10900;PEBBLES_L;10131;13;10129;25;;;10144;13;10146;25;;;10137.5;0.0
3;11000;PEBBLES_XS;7948;13;7947;21;;;7959;13;7960;21;;;7953.5;0.0
3;11000;PEBBLES_XL;13507;13;13505;21;;;13524;13;13526;21;;;13515.5;0.0
3;11000;PEBBLES_M;9215;13;9213;21;;;9227;13;9228;21;;;9221.0;0.0
3;11000;PEBBLES_L;10105;13;10103;21;;;10118;13;10119;21;;;10111.5;0.0
3;11000;PEBBLES_S;9193;13;9192;21;;;9205;13;9206;21;;;9199.0;0.0
3;11100;PEBBLES_XS;7970;11;7969;26;;;7980;11;7982;26;;;7975.0;0.0
3;11100;PEBBLES_XL;13539;11;13537;26;;;13557;11;13559;26;;;13548.0;0.0
3;11100;PEBBLES_S;9189;11;9187;26;;;9201;11;9202;26;;;9195.0;0.0
3;11100;PEBBLES_M;9202;11;9201;26;;;9214;11;9215;26;;;9208.0;0.0
3;11100;PEBBLES_L;10068;11;10066;26;;;10081;11;10082;26;;;10074.5;0.0
3;11200;PEBBLES_XS;7972;11;7971;27;;;7982;11;7983;27;;;7977.0;0.0
3;11200;PEBBLES_XL;13510;11;13508;27;;;13527;11;13529;27;;;13518.5;0.0
3;11200;PEBBLES_M;9211;11;9210;27;;;9223;11;9225;27;;;9217.0;0.0
3;11200;PEBBLES_L;10067;11;10066;27;;;10080;11;10082;27;;;10073.5;0.0
3;11200;PEBBLES_S;9207;11;9206;27;;;9219;11;9221;27;;;9213.0;0.0
3;11300;PEBBLES_XS;7971;13;7970;26;;;7981;13;7982;26;;;7976.0;0.0
3;11300;PEBBLES_XL;13458;13;13456;26;;;13475;13;13477;26;;;13466.5;0.0
3;11300;PEBBLES_M;9214;13;9213;26;;;9226;13;9228;26;;;9220.0;0.0
3;11300;PEBBLES_L;10093;13;10091;26;;;10106;13;10107;26;;;10099.5;0.0
3;11300;PEBBLES_S;9232;13;9231;26;;;9244;13;9245;26;;;9238.0;0.0
3;11400;PEBBLES_XS;7947;11;7946;28;;;7958;11;7959;28;;;7952.5;0.0
3;11400;PEBBLES_XL;13462;11;13460;28;;;13479;11;13481;28;;;13470.5;0.0
3;11400;PEBBLES_S;9221;11;9220;28;;;9233;11;9235;28;;;9227.0;0.0
3;11400;PEBBLES_L;10111;11;10109;28;;;10124;11;10125;28;;;10117.5;0.0
3;11400;PEBBLES_M;9227;11;9225;28;;;9239;11;9240;28;;;9233.0;0.0
3;11500;PEBBLES_S;9221;13;9220;27;;;9233;13;9235;27;;;9227.0;0.0
3;11500;PEBBLES_L;10109;13;10108;27;;;10122;13;10124;27;;;10115.5;0.0
3;11500;PEBBLES_M;9242;13;9241;27;;;9254;13;9256;27;;;9248.0;0.0
3;11500;PEBBLES_XS;7942;13;7941;27;;;7953;13;7954;27;;;7947.5;0.0
3;11500;PEBBLES_XL;13452;13;13450;27;;;13469;13;13471;27;;;13460.5;0.0
3;11600;PEBBLES_S;9251;10;9249;27;;;9263;10;9264;27;;;9257.0;0.0
3;11600;PEBBLES_L;10131;10;10129;27;;;10144;10;10145;27;;;10137.5;0.0
3;11600;PEBBLES_M;9257;10;9255;27;;;9269;10;9270;27;;;9263.0;0.0
3;11600;PEBBLES_XS;7953;10;7952;27;;;7963;10;7964;27;;;7958.0;0.0
3;11600;PEBBLES_XL;13377;10;13375;27;;;13394;10;13396;27;;;13385.5;0.0
3;11700;PEBBLES_L;10130;14;10129;21;;;10143;14;10145;21;;;10136.5;0.0
3;11700;PEBBLES_M;9273;14;9271;21;;;9285;14;9286;21;;;9279.0;0.0
3;11700;PEBBLES_XS;7958;14;7956;21;;;7968;14;7969;21;;;7963.0;0.0
3;11700;PEBBLES_XL;13333;14;13331;21;;;13350;14;13352;21;;;13341.5;0.0
3;11700;PEBBLES_S;9274;14;9273;21;;;9287;14;9288;21;;;9280.5;0.0
3;11800;PEBBLES_XS;7947;12;7946;22;;;7957;12;7959;22;;;7952.0;0.0
3;11800;PEBBLES_XL;13345;12;13343;22;;;13362;12;13364;22;;;13353.5;0.0
3;11800;PEBBLES_S;9265;12;9263;22;;;9277;12;9278;22;;;9271.0;0.0
3;11800;PEBBLES_L;10141;12;10139;22;;;10154;12;10155;22;;;10147.5;0.0
3;11800;PEBBLES_M;9271;12;9269;22;;;9283;12;9284;22;;;9277.0;0.0
3;11900;PEBBLES_XS;7958;15;7957;28;;;7969;15;7970;28;;;7963.5;0.0
3;11900;PEBBLES_XL;13334;15;13332;28;;;13351;15;13353;28;;;13342.5;0.0
3;11900;PEBBLES_S;9263;15;9261;28;;;9275;15;9276;28;;;9269.0;0.0
3;11900;PEBBLES_L;10132;15;10131;28;;;10145;15;10147;28;;;10138.5;0.0
3;11900;PEBBLES_M;9281;15;9279;28;;;9293;15;9294;28;;;9287.0;0.0
3;12000;PEBBLES_XL;13336;13;13334;25;;;13353;13;13355;25;;;13344.5;0.0
3;12000;PEBBLES_XS;7956;13;7955;25;;;7967;13;7968;25;;;7961.5;0.0
3;12000;PEBBLES_S;9239;13;9238;25;;;9251;13;9253;25;;;9245.0;0.0
3;12000;PEBBLES_L;10142;13;10141;25;;;10155;13;10157;25;;;10148.5;0.0
3;12000;PEBBLES_M;9294;13;9293;25;;;9306;13;9308;25;;;9300.0;0.0
3;12100;PEBBLES_L;10122;11;10120;27;;;10135;11;10137;27;;;10128.5;0.0
3;12100;PEBBLES_M;9300;11;9298;27;;;9312;11;9313;27;;;9306.0;0.0
3;12100;PEBBLES_XL;13349;11;13347;27;;;13366;11;13368;27;;;13357.5;0.0
3;12100;PEBBLES_XS;7969;11;7968;27;;;7980;11;7981;27;;;7974.5;0.0
3;12100;PEBBLES_S;9228;11;9227;27;;;9240;11;9242;27;;;9234.0;0.0
3;12200;PEBBLES_S;9217;14;9216;21;;;9229;14;9230;21;;;9223.0;0.0
3;12200;PEBBLES_L;10133;14;10131;21;;;10146;14;10148;21;;;10139.5;0.0
3;12200;PEBBLES_XL;13369;14;13367;21;;;13386;14;13388;21;;;13377.5;0.0
3;12200;PEBBLES_M;9284;14;9282;21;;;9296;14;9297;21;;;9290.0;0.0
3;12200;PEBBLES_XS;7965;14;7964;21;;;7975;14;7976;21;;;7970.0;0.0
3;12300;PEBBLES_S;9218;14;9216;23;;;9230;14;9231;23;;;9224.0;0.0
3;12300;PEBBLES_L;10122;14;10120;23;;;10135;14;10137;23;;;10128.5;0.0
3;12300;PEBBLES_M;9278;14;9276;23;;;9290;14;9291;23;;;9284.0;0.0
3;12300;PEBBLES_XL;13393;14;13391;23;;;13410;14;13412;23;;;13401.5;0.0
3;12300;PEBBLES_XS;7957;14;7956;23;;;7968;14;7969;23;;;7962.5;0.0
3;12400;PEBBLES_S;9212;10;9210;28;;;9224;10;9225;28;;;9218.0;0.0
3;12400;PEBBLES_L;10142;10;10140;28;;;10155;10;10157;28;;;10148.5;0.0
3;12400;PEBBLES_M;9289;10;9288;28;;;9301;10;9303;28;;;9295.0;0.0
3;12400;PEBBLES_XL;13357;10;13355;28;;;13374;10;13376;28;;;13365.5;0.0
3;12400;PEBBLES_XS;7968;10;7966;28;;;7978;10;7979;28;;;7973.0;0.0
3;12500;PEBBLES_S;9208;11;9206;26;;;9220;11;9221;26;;;9214.0;0.0
3;12500;PEBBLES_M;9302;11;9301;26;;;9314;11;9316;26;;;9308.0;0.0
3;12500;PEBBLES_L;10133;11;10131;26;;;10146;11;10148;26;;;10139.5;0.0
3;12500;PEBBLES_XL;13389;11;13387;26;;;13406;11;13408;26;;;13397.5;0.0
3;12500;PEBBLES_XS;7935;11;7934;26;;;7946;11;7947;26;;;7940.5;0.0
3;12600;PEBBLES_S;9221;10;9220;24;;;9233;10;9235;24;;;9227.0;0.0
3;12600;PEBBLES_M;9303;10;9301;24;;;9315;10;9316;24;;;9309.0;0.0
3;12600;PEBBLES_XL;13390;10;13388;24;;;13407;10;13409;24;;;13398.5;0.0
3;12600;PEBBLES_L;10132;10;10130;24;;;10145;10;10146;24;;;10138.5;0.0
3;12600;PEBBLES_XS;7921;10;7920;24;;;7932;10;7933;24;;;7926.5;0.0
3;12700;PEBBLES_XL;13377;14;13375;20;;;13394;14;13396;20;;;13385.5;0.0
3;12700;PEBBLES_S;9255;14;9254;20;;;9267;14;9269;20;;;9261.0;0.0
3;12700;PEBBLES_XS;7926;14;7925;20;;;7937;14;7938;20;;;7931.5;0.0
3;12700;PEBBLES_M;9281;14;9280;20;;;9293;14;9294;20;;;9287.0;0.0
3;12700;PEBBLES_L;10129;14;10127;20;;;10142;14;10144;20;;;10135.5;0.0
3;12800;PEBBLES_XL;13387;13;13385;22;;;13404;13;13406;22;;;13395.5;0.0
3;12800;PEBBLES_XS;7930;13;7929;22;;;7941;13;7942;22;;;7935.5;0.0
3;12800;PEBBLES_S;9270;13;9268;22;;;9282;13;9283;22;;;9276.0;0.0
3;12800;PEBBLES_M;9264;13;9263;22;;;9277;13;9278;22;;;9270.5;0.0
3;12800;PEBBLES_L;10116;13;10114;22;;;10129;13;10130;22;;;10122.5;0.0
3;12900;PEBBLES_XL;13328;13;13326;27;;;13345;13;13347;27;;;13336.5;0.0
3;12900;PEBBLES_XS;7930;13;7929;27;;;7941;13;7942;27;;;7935.5;0.0
3;12900;PEBBLES_M;9276;13;9275;27;;;9288;13;9290;27;;;9282.0;0.0
3;12900;PEBBLES_L;10142;13;10141;27;;;10155;13;10157;27;;;10148.5;0.0
3;12900;PEBBLES_S;9291;13;9290;27;;;9304;13;9305;27;;;9297.5;0.0
3;13000;PEBBLES_XL;13341;15;13339;26;;;13358;15;13360;26;;;13349.5;0.0
3;13000;PEBBLES_XS;7932;15;7931;26;;;7942;15;7943;26;;;7937.0;0.0
3;13000;PEBBLES_S;9281;15;9280;26;;;9294;15;9295;26;;;9287.5;0.0
3;13000;PEBBLES_M;9266;15;9265;26;;;9278;15;9279;26;;;9272.0;0.0
3;13000;PEBBLES_L;10147;15;10146;26;;;10160;15;10162;26;;;10153.5;0.0
3;13100;PEBBLES_XL;13308;12;13306;25;;;13325;12;13327;25;;;13316.5;0.0
3;13100;PEBBLES_S;9296;12;9295;25;;;9308;12;9310;25;;;9302.0;0.0
3;13100;PEBBLES_XS;7943;12;7942;25;;;7954;12;7955;25;;;7948.5;0.0
3;13100;PEBBLES_M;9261;12;9260;25;;;9274;12;9275;25;;;9267.5;0.0
3;13100;PEBBLES_L;10158;12;10157;25;;;10171;12;10173;25;;;10164.5;0.0
3;13200;PEBBLES_XL;13301;14;13299;30;;;13318;14;13320;30;;;13309.5;0.0
3;13200;PEBBLES_XS;7962;14;7961;30;;;7973;14;7974;30;;;7967.5;0.0
3;13200;PEBBLES_S;9289;14;9287;30;;;9301;14;9302;30;;;9295.0;0.0
3;13200;PEBBLES_M;9251;14;9249;30;;;9263;14;9264;30;;;9257.0;0.0
3;13200;PEBBLES_L;10165;14;10163;30;;;10178;14;10180;30;;;10171.5;0.0
3;13300;PEBBLES_S;9266;11;9264;27;;;9278;11;9279;27;;;9272.0;0.0
3;13300;PEBBLES_M;9276;11;9275;27;;;9288;11;9290;27;;;9282.0;0.0
3;13300;PEBBLES_L;10146;11;10145;27;;;10159;11;10161;27;;;10152.5;0.0
3;13300;PEBBLES_XL;13344;11;13342;27;;;13361;11;13363;27;;;13352.5;0.0
3;13300;PEBBLES_XS;7935;11;7934;27;;;7946;11;7947;27;;;7940.5;0.0
3;13400;PEBBLES_S;9277;13;9276;22;;;9289;13;9291;22;;;9283.0;0.0
3;13400;PEBBLES_M;9282;13;9280;22;;;9294;13;9295;22;;;9288.0;0.0
3;13400;PEBBLES_L;10122;13;10121;22;;;10135;13;10137;22;;;10128.5;0.0
3;13400;PEBBLES_XL;13347;13;13345;22;;;13364;13;13366;22;;;13355.5;0.0
3;13400;PEBBLES_XS;7939;13;7938;22;;;7950;13;7951;22;;;7944.5;0.0
3;13500;PEBBLES_S;9271;15;9270;26;;;9283;15;9284;26;;;9277.0;0.0
3;13500;PEBBLES_M;9273;15;9272;26;;;9285;15;9287;26;;;9279.0;0.0
3;13500;PEBBLES_L;10112;15;10110;26;;;10125;15;10126;26;;;10118.5;0.0
3;13500;PEBBLES_XL;13355;15;13353;26;;;13372;15;13374;26;;;13363.5;0.0
3;13500;PEBBLES_XS;7956;15;7955;26;;;7967;15;7968;26;;;7961.5;0.0
3;13600;PEBBLES_XS;7953;14;7952;22;;;7964;14;7965;22;;;7958.5;0.0
3;13600;PEBBLES_S;9255;14;9253;22;;;9267;14;9268;22;;;9261.0;0.0
3;13600;PEBBLES_L;10107;14;10105;22;;;10120;14;10121;22;;;10113.5;0.0
3;13600;PEBBLES_M;9272;14;9270;22;;;9284;14;9285;22;;;9278.0;0.0
3;13600;PEBBLES_XL;13381;14;13379;22;;;13398;14;13400;22;;;13389.5;0.0
3;13700;PEBBLES_L;10081;11;10079;29;;;10094;11;10096;29;;;10087.5;0.0
3;13700;PEBBLES_M;9256;11;9254;29;;;9268;11;9269;29;;;9262.0;0.0
3;13700;PEBBLES_XL;13427;11;13425;29;;;13444;11;13446;29;;;13435.5;0.0
3;13700;PEBBLES_XS;7952;11;7950;29;;;7962;11;7963;29;;;7957.0;0.0
3;13700;PEBBLES_S;9252;11;9251;29;;;9264;11;9266;29;;;9258.0;0.0
3;13800;PEBBLES_S;9233;14;9231;26;;;9245;14;9246;26;;;9239.0;0.0
3;13800;PEBBLES_XL;13453;14;13451;26;;;13470;14;13472;26;;;13461.5;0.0
3;13800;PEBBLES_L;10082;14;10081;26;;;10095;14;10097;26;;;10088.5;0.0
3;13800;PEBBLES_M;9239;14;9238;26;;;9251;14;9253;26;;;9245.0;0.0
3;13800;PEBBLES_XS;7960;14;7959;26;;;7971;14;7972;26;;;7965.5;0.0
3;13900;PEBBLES_XL;13520;13;13518;20;;;13537;13;13539;20;;;13528.5;0.0
3;13900;PEBBLES_XS;7951;13;7950;20;;;7962;13;7963;20;;;7956.5;0.0
3;13900;PEBBLES_S;9214;13;9213;20;;;9227;13;9228;20;;;9220.5;0.0
3;13900;PEBBLES_L;10059;13;10058;20;;;10072;13;10074;20;;;10065.5;0.0
3;13900;PEBBLES_M;9223;13;9222;20;;;9235;13;9236;20;;;9229.0;0.0
3;14000;PEBBLES_XL;13537;11;13535;21;;;13554;11;13556;21;;;13545.5;0.0
3;14000;PEBBLES_XS;7955;11;7954;21;;;7966;11;7967;21;;;7960.5;0.0
3;14000;PEBBLES_S;9204;11;9203;21;;;9216;11;9218;21;;;9210.0;0.0
3;14000;PEBBLES_L;10037;11;10035;21;;;10050;11;10051;21;;;10043.5;0.0
3;14000;PEBBLES_M;9235;11;9233;21;;;9247;11;9248;21;;;9241.0;0.0
3;14100;PEBBLES_XL;13554;12;13552;24;;;13571;12;13573;24;;;13562.5;0.0
3;14100;PEBBLES_XS;7957;12;7955;24;;;7967;12;7968;24;;;7962.0;0.0
3;14100;PEBBLES_S;9204;12;9203;24;;;9216;12;9217;24;;;9210.0;0.0
3;14100;PEBBLES_L;10032;12;10031;24;;;10045;12;10047;24;;;10038.5;0.0
3;14100;PEBBLES_M;9221;12;9219;24;;;9233;12;9234;24;;;9227.0;0.0
3;14200;PEBBLES_S;9189;14;9187;24;;;9201;14;9202;24;;;9195.0;0.0
3;14200;PEBBLES_L;10028;14;10027;24;;;10041;14;10043;24;;;10034.5;0.0
3;14200;PEBBLES_XL;13523;14;13521;24;;;13540;14;13542;24;;;13531.5;0.0
3;14200;PEBBLES_M;9242;14;9240;24;;;9254;14;9255;24;;;9248.0;0.0
3;14200;PEBBLES_XS;7986;14;7985;24;;;7997;14;7998;24;;;7991.5;0.0
3;14300;PEBBLES_XL;13528;12;13526;22;;;13545;12;13547;22;;;13536.5;0.0
3;14300;PEBBLES_S;9180;12;9179;22;;;9192;12;9193;22;;;9186.0;0.0
3;14300;PEBBLES_XS;8001;12;8000;22;;;8011;12;8013;22;;;8006.0;0.0
3;14300;PEBBLES_L;10026;12;10024;22;;;10039;12;10041;22;;;10032.5;0.0
3;14300;PEBBLES_M;9233;12;9231;22;;;9245;12;9246;22;;;9239.0;0.0
3;14400;PEBBLES_S;9151;13;9149;25;;;9163;13;9164;25;;;9157.0;0.0
3;14400;PEBBLES_L;10012;13;10011;25;;;10025;13;10027;25;;;10018.5;0.0
3;14400;PEBBLES_M;9240;13;9239;25;;;9252;13;9253;25;;;9246.0;0.0
3;14400;PEBBLES_XL;13586;13;13584;25;;;13603;13;13605;25;;;13594.5;0.0
3;14400;PEBBLES_XS;7979;13;7978;25;;;7989;13;7991;25;;;7984.0;0.0
3;14500;PEBBLES_L;10032;11;10031;28;;;10045;11;10047;28;;;10038.5;0.0
3;14500;PEBBLES_M;9249;11;9248;28;;;9261;11;9263;28;;;9255.0;0.0
3;14500;PEBBLES_S;9158;11;9157;28;;;9170;11;9171;28;;;9164.0;0.0
3;14500;PEBBLES_XL;13525;11;13523;28;;;13542;11;13544;28;;;13533.5;0.0
3;14500;PEBBLES_XS;8003;11;8002;28;;;8014;11;8015;28;;;8008.5;0.0
3;14600;PEBBLES_S;9175;10;9174;27;;;9187;10;9188;27;;;9181.0;0.0
3;14600;PEBBLES_L;10025;10;10024;27;;;10038;10;10040;27;;;10031.5;0.0
3;14600;PEBBLES_M;9226;10;9225;27;;;9238;10;9240;27;;;9232.0;0.0
3;14600;PEBBLES_XL;13545;10;13543;27;;;13562;10;13564;27;;;13553.5;0.0
3;14600;PEBBLES_XS;7996;10;7995;27;;;8006;10;8008;27;;;8001.0;0.0
3;14700;PEBBLES_XL;13542;14;13540;25;;;13559;14;13561;25;;;13550.5;0.0
3;14700;PEBBLES_S;9183;14;9182;25;;;9195;14;9196;25;;;9189.0;0.0
3;14700;PEBBLES_XS;8009;14;8007;25;;;8019;14;8020;25;;;8014.0;0.0
3;14700;PEBBLES_M;9229;14;9227;25;;;9241;14;9242;25;;;9235.0;0.0
3;14700;PEBBLES_L;10005;14;10004;25;;;10018;14;10020;25;;;10011.5;0.0
3;14800;PEBBLES_XL;13530;12;13528;23;;;13547;12;13550;23;;;13538.5;0.0
3;14800;PEBBLES_XS;7993;12;7992;23;;;8004;12;8005;23;;;7998.5;0.0
3;14800;PEBBLES_S;9196;12;9195;23;;;9208;12;9210;23;;;9202.0;0.0
3;14800;PEBBLES_M;9230;12;9228;23;;;9242;12;9243;23;;;9236.0;0.0
3;14800;PEBBLES_L;10018;12;10017;23;;;10031;12;10033;23;;;10024.5;0.0
3;14900;PEBBLES_M;9247;15;9246;20;;;9260;15;9261;20;;;9253.5;0.0
3;14900;PEBBLES_L;10046;15;10045;20;;;10059;15;10061;20;;;10052.5;0.0
3;14900;PEBBLES_XL;13466;15;13464;20;;;13483;15;13485;20;;;13474.5;0.0
3;14900;PEBBLES_XS;8017;15;8016;20;;;8028;15;8029;20;;;8022.5;0.0
3;14900;PEBBLES_S;9191;15;9189;20;;;9203;15;9204;20;;;9197.0;0.0
3;15000;PEBBLES_XL;13444;11;13442;29;;;13461;11;13463;29;;;13452.5;0.0
3;15000;PEBBLES_XS;8014;11;8012;29;;;8024;11;8025;29;;;8019.0;0.0
3;15000;PEBBLES_S;9201;11;9200;29;;;9213;11;9214;29;;;9207.0;0.0
3;15000;PEBBLES_M;9253;11;9252;29;;;9266;11;9267;29;;;9259.5;0.0
3;15000;PEBBLES_L;10056;11;10054;29;;;10069;11;10070;29;;;10062.5;0.0
3;15100;PEBBLES_XL;13428;12;13426;21;;;13445;12;13447;21;;;13436.5;0.0
3;15100;PEBBLES_XS;8009;12;8007;21;;;8019;12;8020;21;;;8014.0;0.0
3;15100;PEBBLES_S;9200;12;9199;21;;;9212;12;9214;21;;;9206.0;0.0
3;15100;PEBBLES_M;9250;12;9249;21;;;9263;12;9264;21;;;9256.5;0.0
3;15100;PEBBLES_L;10081;12;10079;21;;;10094;12;10095;21;;;10087.5;0.0
3;15200;PEBBLES_XL;13441;10;13439;24;;;13458;10;13460;24;;;13449.5;0.0
3;15200;PEBBLES_XS;7994;10;7993;24;;;8005;10;8006;24;;;7999.5;0.0
3;15200;PEBBLES_S;9217;10;9216;24;;;9229;10;9231;24;;;9223.0;0.0
3;15200;PEBBLES_M;9242;10;9241;24;;;9254;10;9256;24;;;9248.0;0.0
3;15200;PEBBLES_L;10072;10;10071;24;;;10085;10;10087;24;;;10078.5;0.0
3;15300;PEBBLES_M;9235;11;9234;24;;;9247;11;9248;24;;;9241.0;0.0
3;15300;PEBBLES_L;10079;11;10077;24;;;10092;11;10094;24;;;10085.5;0.0
3;15300;PEBBLES_XL;13455;11;13453;24;;;13472;11;13474;24;;;13463.5;0.0
3;15300;PEBBLES_XS;7985;11;7984;24;;;7996;11;7997;24;;;7990.5;0.0
3;15300;PEBBLES_S;9213;11;9212;24;;;9225;11;9227;24;;;9219.0;0.0
3;15400;PEBBLES_S;9206;10;9205;29;;;9218;10;9220;29;;;9212.0;0.0
3;15400;PEBBLES_M;9231;10;9230;29;;;9243;10;9244;29;;;9237.0;0.0
3;15400;PEBBLES_L;10080;10;10079;29;;;10093;10;10095;29;;;10086.5;0.0
3;15400;PEBBLES_XL;13467;10;13465;29;;;13484;10;13486;29;;;13475.5;0.0
3;15400;PEBBLES_XS;7983;10;7982;29;;;7994;10;7995;29;;;7988.5;0.0
3;15500;PEBBLES_S;9196;15;9195;25;;;9208;15;9210;25;;;9202.0;0.0
3;15500;PEBBLES_M;9221;15;9220;25;;;9233;15;9234;25;;;9227.0;0.0
3;15500;PEBBLES_L;10126;15;10124;25;;;10139;15;10141;25;;;10132.5;0.0
3;15500;PEBBLES_XL;13431;15;13429;25;;;13448;15;13450;25;;;13439.5;0.0
3;15500;PEBBLES_XS;7994;15;7992;25;;;8004;15;8005;25;;;7999.0;0.0
3;15600;PEBBLES_S;9192;14;9191;24;;;9204;14;9206;24;;;9198.0;0.0
3;15600;PEBBLES_M;9216;14;9214;24;;;9228;14;9229;24;;;9222.0;0.0
3;15600;PEBBLES_L;10113;14;10111;24;;;10126;14;10128;24;;;10119.5;0.0
3;15600;PEBBLES_XL;13457;14;13455;24;;;13474;14;13476;24;;;13465.5;0.0
3;15600;PEBBLES_XS;7989;14;7988;24;;;8000;14;8001;24;;;7994.5;0.0
3;15700;PEBBLES_S;9191;10;9189;26;;;9203;10;9204;26;;;9197.0;0.0
3;15700;PEBBLES_M;9217;10;9216;26;;;9229;10;9231;26;;;9223.0;0.0
3;15700;PEBBLES_L;10126;10;10124;26;;;10139;10;10141;26;;;10132.5;0.0
3;15700;PEBBLES_XL;13458;10;13456;26;;;13475;10;13477;26;;;13466.5;0.0
3;15700;PEBBLES_XS;7976;10;7974;26;;;7986;10;7987;26;;;7981.0;0.0
3;15800;PEBBLES_XL;13500;13;13497;25;;;13517;13;13519;25;;;13508.5;0.0
3;15800;PEBBLES_XS;7982;13;7981;25;;;7993;13;7994;25;;;7987.5;0.0
3;15800;PEBBLES_L;10114;13;10113;25;;;10127;13;10129;25;;;10120.5;0.0
3;15800;PEBBLES_M;9183;13;9182;25;;;9195;13;9196;25;;;9189.0;0.0
3;15800;PEBBLES_S;9189;13;9187;25;;;9201;13;9202;25;;;9195.0;0.0
3;15900;PEBBLES_L;10128;14;10127;23;;;10141;14;10143;23;;;10134.5;0.0
3;15900;PEBBLES_M;9195;14;9193;23;;;9207;14;9208;23;;;9201.0;0.0
3;15900;PEBBLES_S;9187;14;9186;23;;;9199;14;9201;23;;;9193.0;0.0
3;15900;PEBBLES_XL;13467;14;13464;23;;;13484;14;13486;23;;;13475.5;0.0
3;15900;PEBBLES_XS;7991;14;7990;23;;;8002;14;8003;23;;;7996.5;0.0
3;16000;PEBBLES_XL;13490;12;13488;20;;;13508;12;13510;20;;;13499.0;0.0
3;16000;PEBBLES_XS;7955;12;7954;20;;;7966;12;7967;20;;;7960.5;0.0
3;16000;PEBBLES_L;10145;12;10143;20;;;10158;12;10159;20;;;10151.5;0.0
3;16000;PEBBLES_M;9178;12;9177;20;;;9190;12;9192;20;;;9184.0;0.0
3;16000;PEBBLES_S;9199;12;9198;20;;;9211;12;9213;20;;;9205.0;0.0
3;16100;PEBBLES_XL;13465;13;13463;21;;;13482;13;13484;21;;;13473.5;0.0
3;16100;PEBBLES_XS;7970;13;7969;21;;;7981;13;7982;21;;;7975.5;0.0
3;16100;PEBBLES_S;9225;13;9224;21;;;9237;13;9239;21;;;9231.0;0.0
3;16100;PEBBLES_L;10150;13;10148;21;;;10163;13;10165;21;;;10156.5;0.0
3;16100;PEBBLES_M;9158;13;9156;21;;;9170;13;9171;21;;;9164.0;0.0
3;16200;PEBBLES_XL;13527;15;13525;27;;;13544;15;13546;27;;;13535.5;0.0
3;16200;PEBBLES_XS;7961;15;7960;27;;;7971;15;7973;27;;;7966.0;0.0
3;16200;PEBBLES_L;10128;15;10126;27;;;10141;15;10142;27;;;10134.5;0.0
3;16200;PEBBLES_M;9144;15;9142;27;;;9156;15;9157;27;;;9150.0;0.0
3;16200;PEBBLES_S;9208;15;9207;27;;;9220;15;9222;27;;;9214.0;0.0
3;16300;PEBBLES_XL;13488;15;13486;24;;;13505;15;13507;24;;;13496.5;0.0
3;16300;PEBBLES_XS;7970;15;7968;24;;;7980;15;7981;24;;;7975.0;0.0
3;16300;PEBBLES_L;10118;15;10117;24;;;10132;15;10133;24;;;10125.0;0.0
3;16300;PEBBLES_M;9140;15;9139;24;;;9152;15;9154;24;;;9146.0;0.0
3;16300;PEBBLES_S;9251;15;9250;24;;;9263;15;9265;24;;;9257.0;0.0
3;16400;PEBBLES_L;10135;11;10133;29;;;10148;11;10149;29;;;10141.5;0.0
3;16400;PEBBLES_M;9132;11;9131;29;;;9144;11;9145;29;;;9138.0;0.0
3;16400;PEBBLES_S;9249;11;9248;29;;;9261;11;9263;29;;;9255.0;0.0
3;16400;PEBBLES_XL;13485;11;13483;29;;;13502;11;13504;29;;;13493.5;0.0
3;16400;PEBBLES_XS;7967;11;7966;29;;;7977;11;7979;29;;;7972.0;0.0
3;16500;PEBBLES_S;9244;10;9243;29;;;9256;10;9258;29;;;9250.0;0.0
3;16500;PEBBLES_L;10137;10;10136;29;;;10151;10;10152;29;;;10144.0;0.0
3;16500;PEBBLES_M;9128;10;9126;29;;;9140;10;9141;29;;;9134.0;0.0
3;16500;PEBBLES_XS;7986;10;7985;29;;;7996;10;7998;29;;;7991.0;0.0
3;16500;PEBBLES_XL;13472;10;13470;29;;;13490;10;13492;29;;;13481.0;0.0
3;16600;PEBBLES_L;10152;10;10150;20;;;10165;10;10166;20;;;10158.5;0.0
3;16600;PEBBLES_M;9150;10;9149;20;;;9162;10;9164;20;;;9156.0;0.0
3;16600;PEBBLES_S;9262;10;9261;20;;;9274;10;9276;20;;;9268.0;0.0
3;16600;PEBBLES_XL;13420;10;13418;20;;;13438;10;13440;20;;;13429.0;0.0
3;16600;PEBBLES_XS;7983;10;7982;20;;;7993;10;7995;20;;;7988.0;0.0
3;16700;PEBBLES_L;10156;15;10154;21;;;10169;15;10170;21;;;10162.5;0.0
3;16700;PEBBLES_M;9142;15;9141;21;;;9154;15;9155;21;;;9148.0;0.0
3;16700;PEBBLES_S;9277;15;9276;21;;;9290;15;9291;21;;;9283.5;0.0
3;16700;PEBBLES_XS;8003;15;8002;21;;;8014;15;8015;21;;;8008.5;0.0
3;16700;PEBBLES_XL;13389;15;13387;21;;;13406;15;13408;21;;;13397.5;0.0
3;16800;PEBBLES_XS;8000;14;7998;22;;;8010;14;8011;22;;;8005.0;0.0
3;16800;PEBBLES_L;10146;14;10145;22;;;10160;14;10161;22;;;10153.0;0.0
3;16800;PEBBLES_M;9155;14;9154;22;;;9167;14;9168;22;;;9161.0;0.0
3;16800;PEBBLES_S;9280;14;9279;22;;;9292;14;9294;22;;;9286.0;0.0
3;16800;PEBBLES_XL;13386;14;13384;22;;;13403;14;13405;22;;;13394.5;0.0
3;16900;PEBBLES_S;9309;15;9308;23;;;9321;15;9323;23;;;9315.0;0.0
3;16900;PEBBLES_XS;7998;15;7996;23;;;8008;15;8009;23;;;8003.0;0.0
3;16900;PEBBLES_XL;13324;15;13322;23;;;13341;15;13343;23;;;13332.5;0.0
3;16900;PEBBLES_M;9186;15;9184;23;;;9198;15;9199;23;;;9192.0;0.0
3;16900;PEBBLES_L;10152;15;10150;23;;;10165;15;10166;23;;;10158.5;0.0
3;17000;PEBBLES_M;9181;10;9180;30;;;9193;10;9194;30;;;9187.0;0.0
3;17000;PEBBLES_L;10152;10;10150;30;;;10165;10;10166;30;;;10158.5;0.0
3;17000;PEBBLES_S;9304;10;9303;30;;;9317;10;9318;30;;;9310.5;0.0
3;17000;PEBBLES_XL;13338;10;13336;30;;;13355;10;13357;30;;;13346.5;0.0
3;17000;PEBBLES_XS;7993;10;7991;30;;;8003;10;8004;30;;;7998.0;0.0
3;17100;PEBBLES_XS;7973;12;7971;21;;;7977;5;7983;12;7984;21;7975.0;0.0
3;17100;PEBBLES_XL;13359;12;13357;21;;;13367;5;13376;12;13378;21;13363.0;0.0
3;17100;PEBBLES_M;9174;12;9172;21;;;9179;5;9186;12;9187;21;9176.5;0.0
3;17100;PEBBLES_L;10154;12;10153;21;;;10160;5;10167;12;10169;21;10157.0;0.0
3;17100;PEBBLES_S;9308;12;9306;21;;;9313;5;9320;12;9321;21;9310.5;0.0
3;17200;PEBBLES_XL;13395;11;13393;24;;;13412;11;13414;24;;;13403.5;0.0
3;17200;PEBBLES_XS;7972;11;7971;24;;;7983;11;7984;24;;;7977.5;0.0
3;17200;PEBBLES_M;9170;11;9169;24;;;9182;11;9183;24;;;9176.0;0.0
3;17200;PEBBLES_L;10134;11;10133;24;;;10147;11;10149;24;;;10140.5;0.0
3;17200;PEBBLES_S;9296;11;9295;24;;;9308;11;9310;24;;;9302.0;0.0
3;17300;PEBBLES_XS;7955;10;7954;28;;;7966;10;7967;28;;;7960.5;0.0
3;17300;PEBBLES_XL;13423;10;13421;28;;;13440;10;13442;28;;;13431.5;0.0
3;17300;PEBBLES_S;9283;10;9281;28;;;9295;10;9296;28;;;9289.0;0.0
3;17300;PEBBLES_M;9159;10;9157;28;;;9171;10;9172;28;;;9165.0;0.0
3;17300;PEBBLES_L;10148;10;10147;28;;;10161;10;10163;28;;;10154.5;0.0
3;17400;PEBBLES_XL;13420;15;13418;22;;;13438;15;13440;22;;;13429.0;0.0
3;17400;PEBBLES_XS;7961;15;7960;22;;;7972;15;7973;22;;;7966.5;0.0
3;17400;PEBBLES_M;9138;15;9136;22;;;9150;15;9151;22;;;9144.0;0.0
3;17400;PEBBLES_L;10155;15;10154;22;;;10168;15;10170;22;;;10161.5;0.0
3;17400;PEBBLES_S;9293;15;9291;22;;;9305;15;9306;22;;;9299.0;0.0
3;17500;PEBBLES_M;9153;14;9151;30;;;9165;14;9166;30;;;9159.0;0.0
3;17500;PEBBLES_L;10168;14;10167;30;;;10181;14;10183;30;;;10174.5;0.0
3;17500;PEBBLES_S;9305;14;9304;30;;;9318;14;9319;30;;;9311.5;0.0
3;17500;PEBBLES_XS;7938;14;7937;30;;;7949;14;7950;30;;;7943.5;0.0
3;17500;PEBBLES_XL;13403;14;13401;30;;;13420;14;13422;30;;;13411.5;0.0
3;17600;PEBBLES_M;9146;15;9145;26;;;9158;15;9160;26;;;9152.0;0.0
3;17600;PEBBLES_L;10174;15;10172;26;;;10187;15;10189;26;;;10180.5;0.0
3;17600;PEBBLES_S;9289;15;9288;26;;;9301;15;9303;26;;;9295.0;0.0
3;17600;PEBBLES_XL;13437;15;13435;26;;;13454;15;13456;26;;;13445.5;0.0
3;17600;PEBBLES_XS;7921;15;7920;26;;;7931;15;7932;26;;;7926.0;0.0
3;17700;PEBBLES_S;9308;11;9306;23;;;9320;11;9321;23;;;9314.0;0.0
3;17700;PEBBLES_M;9164;11;9163;23;;;9176;11;9178;23;;;9170.0;0.0
3;17700;PEBBLES_L;10187;11;10186;23;;;10201;11;10202;23;;;10194.0;0.0
3;17700;PEBBLES_XS;7933;11;7932;23;;;7943;11;7944;23;;;7938.0;0.0
3;17700;PEBBLES_XL;13376;11;13374;23;;;13393;11;13395;23;;;13384.5;0.0
3;17800;PEBBLES_M;9170;10;9168;28;;;9182;10;9183;28;;;9176.0;0.0
3;17800;PEBBLES_L;10188;10;10187;28;;;10202;10;10203;28;;;10195.0;0.0
3;17800;PEBBLES_S;9336;10;9334;28;;;9348;10;9349;28;;;9342.0;0.0
3;17800;PEBBLES_XL;13318;10;13316;28;;;13335;10;13337;28;;;13326.5;0.0
3;17800;PEBBLES_XS;7956;10;7955;28;;;7966;10;7968;28;;;7961.0;0.0
3;17900;PEBBLES_XS;7947;13;7946;27;;;7958;13;7959;27;;;7952.5;0.0
3;17900;PEBBLES_XL;13363;13;13361;27;;;13380;13;13382;27;;;13371.5;0.0
3;17900;PEBBLES_M;9164;13;9163;27;;;9176;13;9178;27;;;9170.0;0.0
3;17900;PEBBLES_L;10175;13;10174;27;;;10189;13;10190;27;;;10182.0;0.0
3;17900;PEBBLES_S;9317;13;9316;27;;;9329;13;9331;27;;;9323.0;0.0
3;18000;PEBBLES_L;10173;11;10171;30;;;10186;11;10188;30;;;10179.5;0.0
3;18000;PEBBLES_M;9193;11;9192;30;;;9205;11;9207;30;;;9199.0;0.0
3;18000;PEBBLES_S;9317;11;9315;30;;;9329;11;9330;30;;;9323.0;0.0
3;18000;PEBBLES_XL;13339;11;13337;30;;;13356;11;13358;30;;;13347.5;0.0
3;18000;PEBBLES_XS;7945;11;7944;30;;;7956;11;7957;30;;;7950.5;0.0
3;18100;PEBBLES_L;10166;10;10164;27;;;10179;10;10180;27;;;10172.5;0.0
3;18100;PEBBLES_M;9174;10;9172;27;;;9186;10;9187;27;;;9180.0;0.0
3;18100;PEBBLES_XS;7954;10;7953;27;;;7965;10;7966;27;;;7959.5;0.0
3;18100;PEBBLES_XL;13358;10;13356;27;;;13375;10;13377;27;;;13366.5;0.0
3;18100;PEBBLES_S;9316;10;9314;27;;;9328;10;9329;27;;;9322.0;0.0
3;18200;PEBBLES_XL;13417;11;13415;26;;;13434;11;13436;26;;;13425.5;0.0
3;18200;PEBBLES_XS;7942;11;7941;26;;;7953;11;7954;26;;;7947.5;0.0
3;18200;PEBBLES_L;10138;11;10137;26;;;10151;11;10153;26;;;10144.5;0.0
3;18200;PEBBLES_M;9165;11;9164;26;;;9177;11;9179;26;;;9171.0;0.0
3;18200;PEBBLES_S;9304;11;9303;26;;;9317;11;9318;26;;;9310.5;0.0
3;18300;PEBBLES_XS;7971;12;7970;22;;;7981;12;7983;22;;;7976.0;0.0
3;18300;PEBBLES_XL;13375;12;13373;22;;;13392;12;13394;22;;;13383.5;0.0
3;18300;PEBBLES_L;10160;12;10158;22;;;10173;12;10174;22;;;10166.5;0.0
3;18300;PEBBLES_M;9155;12;9154;22;;;9167;12;9169;22;;;9161.0;0.0
3;18300;PEBBLES_S;9307;12;9306;22;;;9319;12;9321;22;;;9313.0;0.0
3;18400;PEBBLES_XL;13401;11;13399;26;;;13418;11;13420;26;;;13409.5;0.0
3;18400;PEBBLES_XS;7983;11;7982;26;;;7994;11;7995;26;;;7988.5;0.0
3;18400;PEBBLES_L;10144;11;10142;26;;;10157;11;10159;26;;;10150.5;0.0
3;18400;PEBBLES_M;9157;11;9155;26;;;9169;11;9170;26;;;9163.0;0.0
3;18400;PEBBLES_S;9283;11;9281;26;;;9295;11;9296;26;;;9289.0;0.0
3;18500;PEBBLES_S;9290;11;9289;27;;;9302;11;9304;27;;;9296.0;0.0
3;18500;PEBBLES_XS;8004;11;8003;27;;;8015;11;8016;27;;;8009.5;0.0
3;18500;PEBBLES_XL;13357;11;13355;27;;;13374;11;13376;27;;;13365.5;0.0
3;18500;PEBBLES_L;10157;11;10155;27;;;10170;11;10171;27;;;10163.5;0.0
3;18500;PEBBLES_M;9160;11;9158;27;;;9172;11;9173;27;;;9166.0;0.0
3;18600;PEBBLES_L;10168;11;10167;27;;;10181;11;10183;27;;;10174.5;0.0
3;18600;PEBBLES_M;9147;11;9145;27;;;9159;11;9160;27;;;9153.0;0.0
3;18600;PEBBLES_S;9268;11;9266;27;;;9280;11;9281;27;;;9274.0;0.0
3;18600;PEBBLES_XL;13358;11;13356;27;;;13375;11;13377;27;;;13366.5;0.0
3;18600;PEBBLES_XS;8027;11;8026;27;;;8038;11;8039;27;;;8032.5;0.0
3;18700;PEBBLES_L;10155;15;10153;23;;;10168;15;10170;23;;;10161.5;0.0
3;18700;PEBBLES_M;9155;15;9154;23;;;9167;15;9168;23;;;9161.0;0.0
3;18700;PEBBLES_S;9270;15;9269;23;;;9283;15;9284;23;;;9276.5;0.0
3;18700;PEBBLES_XS;8041;15;8040;23;;;8052;15;8053;23;;;8046.5;0.0
3;18700;PEBBLES_XL;13346;15;13344;23;;;13363;15;13365;23;;;13354.5;0.0
3;18800;PEBBLES_L;10159;11;10157;20;;;10172;11;10174;20;;;10165.5;0.0
3;18800;PEBBLES_M;9151;11;9149;20;;;9163;11;9164;20;;;9157.0;0.0
3;18800;PEBBLES_S;9292;11;9290;20;;;9304;11;9305;20;;;9298.0;0.0
3;18800;PEBBLES_XL;13339;11;13337;20;;;13356;11;13358;20;;;13347.5;0.0
3;18800;PEBBLES_XS;8027;11;8026;20;;;8038;11;8039;20;;;8032.5;0.0
3;18900;PEBBLES_S;9280;13;9279;28;;;9292;13;9294;28;;;9286.0;0.0
3;18900;PEBBLES_L;10165;13;10163;28;;;10178;13;10179;28;;;10171.5;0.0
3;18900;PEBBLES_M;9153;13;9152;28;;;9165;13;9167;28;;;9159.0;0.0
3;18900;PEBBLES_XS;8016;13;8015;28;;;8027;13;8028;28;;;8021.5;0.0
3;18900;PEBBLES_XL;13353;13;13351;28;;;13370;13;13372;28;;;13361.5;0.0
3;19000;PEBBLES_XL;13358;11;13356;21;;;13375;11;13377;21;;;13366.5;0.0
3;19000;PEBBLES_XS;8010;11;8009;21;;;8021;11;8022;21;;;8015.5;0.0
3;19000;PEBBLES_L;10170;11;10168;21;;;10183;11;10185;21;;;10176.5;0.0
3;19000;PEBBLES_M;9144;11;9143;21;;;9156;11;9157;21;;;9150.0;0.0
3;19000;PEBBLES_S;9285;11;9284;21;;;9298;11;9299;21;;;9291.5;0.0
3;19100;PEBBLES_M;9130;14;9129;24;;;9142;14;9143;24;;;9136.0;0.0
3;19100;PEBBLES_L;10179;14;10178;24;;;10193;14;10194;24;;;10186.0;0.0
3;19100;PEBBLES_S;9304;14;9303;24;;;9317;14;9318;24;;;9310.5;0.0
3;19100;PEBBLES_XS;7984;14;7983;24;;;7995;14;7996;24;;;7989.5;0.0
3;19100;PEBBLES_XL;13369;14;13367;24;;;13387;14;13389;24;;;13378.0;0.0
3;19200;PEBBLES_XL;13410;15;13408;21;;;13427;15;13429;21;;;13418.5;0.0
3;19200;PEBBLES_XS;7970;15;7969;21;;;7980;15;7982;21;;;7975.0;0.0
3;19200;PEBBLES_M;9146;15;9144;21;;;9158;15;9159;21;;;9152.0;0.0
3;19200;PEBBLES_L;10164;15;10162;21;;;10177;15;10179;21;;;10170.5;0.0
3;19200;PEBBLES_S;9278;15;9277;21;;;9291;15;9292;21;;;9284.5;0.0
3;19300;PEBBLES_XS;7972;15;7971;26;;;7983;15;7984;26;;;7977.5;0.0
3;19300;PEBBLES_XL;13389;15;13387;26;;;13406;15;13408;26;;;13397.5;0.0
3;19300;PEBBLES_S;9280;15;9278;26;;;9292;15;9293;26;;;9286.0;0.0
3;19300;PEBBLES_M;9142;15;9140;26;;;9154;15;9155;26;;;9148.0;0.0
3;19300;PEBBLES_L;10185;15;10183;26;;;10198;15;10200;26;;;10191.5;0.0
3;19400;PEBBLES_XL;13372;12;13370;28;;;13389;12;13391;28;;;13380.5;0.0
3;19400;PEBBLES_XS;8001;12;7999;28;;;8011;12;8012;28;;;8006.0;0.0
3;19400;PEBBLES_M;9157;12;9155;28;;;9169;12;9170;28;;;9163.0;0.0
3;19400;PEBBLES_L;10169;12;10167;28;;;10182;12;10184;28;;;10175.5;0.0
3;19400;PEBBLES_S;9270;12;9268;28;;;9282;12;9283;28;;;9276.0;0.0
3;19500;PEBBLES_XS;8029;14;8028;27;;;8040;14;8041;27;;;8034.5;0.0
3;19500;PEBBLES_XL;13365;14;13363;27;;;13382;14;13384;27;;;13373.5;0.0
3;19500;PEBBLES_M;9151;14;9149;27;;;9163;14;9164;27;;;9157.0;0.0
3;19500;PEBBLES_L;10160;14;10159;27;;;10173;14;10175;27;;;10166.5;0.0
3;19500;PEBBLES_S;9263;14;9262;27;;;9275;14;9277;27;;;9269.0;0.0
3;19600;PEBBLES_M;9146;10;9145;23;;;9158;10;9160;23;;;9152.0;0.0
3;19600;PEBBLES_L;10172;10;10170;23;;;10185;10;10186;23;;;10178.5;0.0
3;19600;PEBBLES_S;9295;10;9294;23;;;9308;10;9309;23;;;9301.5;0.0
3;19600;PEBBLES_XL;13322;10;13320;23;;;13339;10;13341;23;;;13330.5;0.0
3;19600;PEBBLES_XS;8032;10;8031;23;;;8042;10;8044;23;;;8037.0;0.0
3;19700;PEBBLES_S;9297;12;9295;30;;;9309;12;9310;30;;;9303.0;0.0
3;19700;PEBBLES_M;9138;12;9136;30;;;9150;12;9151;30;;;9144.0;0.0
3;19700;PEBBLES_L;10198;12;10196;30;;;10211;12;10213;30;;;10204.5;0.0
3;19700;PEBBLES_XS;8032;12;8031;30;;;8043;12;8044;30;;;8037.5;0.0
3;19700;PEBBLES_XL;13303;12;13301;30;;;13320;12;13322;30;;;13311.5;0.0
3;19800;PEBBLES_M;9129;15;9127;24;;;9141;15;9142;24;;;9135.0;0.0
3;19800;PEBBLES_L;10188;15;10186;24;;;10201;15;10202;24;;;10194.5;0.0
3;19800;PEBBLES_S;9299;15;9298;24;;;9311;15;9313;24;;;9305.0;0.0
3;19800;PEBBLES_XL;13341;15;13339;24;;;13358;15;13360;24;;;13349.5;0.0
3;19800;PEBBLES_XS;8012;15;8010;24;;;8022;15;8023;24;;;8017.0;0.0
3;19900;PEBBLES_M;9117;10;9116;21;;;9129;10;9131;21;;;9123.0;0.0
3;19900;PEBBLES_L;10202;10;10201;21;;;10216;10;10217;21;;;10209.0;0.0
3;19900;PEBBLES_S;9264;10;9262;21;;;9276;10;9277;21;;;9270.0;0.0
3;19900;PEBBLES_XS;7998;10;7997;21;;;8009;10;8010;21;;;8003.5;0.0
3;19900;PEBBLES_XL;13386;10;13384;21;;;13403;10;13405;21;;;13394.5;0.0
3;20000;PEBBLES_XS;7996;11;7995;29;;;8007;11;8008;29;;;8001.5;0.0
3;20000;PEBBLES_M;9112;11;9110;29;;;9124;11;9125;29;;;9118.0;0.0
3;20000;PEBBLES_L;10207;11;10205;29;;;10220;11;10222;29;;;10213.5;0.0
3;20000;PEBBLES_S;9240;11;9239;29;;;9252;11;9254;29;;;9246.0;0.0
3;20000;PEBBLES_XL;13412;11;13410;29;;;13429;11;13431;29;;;13420.5;0.0
3;20100;PEBBLES_S;9225;10;9223;30;;;9237;10;9238;30;;;9231.0;0.0
3;20100;PEBBLES_XS;7979;10;7978;30;;;7990;10;7991;30;;;7984.5;0.0
3;20100;PEBBLES_XL;13475;10;13473;30;;;13493;10;13495;30;;;13484.0;0.0
3;20100;PEBBLES_M;9106;10;9105;30;;;9118;10;9119;30;;;9112.0;0.0
3;20100;PEBBLES_L;10182;10;10181;30;;;10196;10;10197;30;;;10189.0;0.0
3;20200;PEBBLES_M;9114;13;9113;27;;;9126;13;9128;27;;;9120.0;0.0
3;20200;PEBBLES_L;10172;13;10170;27;;;10185;13;10187;27;;;10178.5;0.0
3;20200;PEBBLES_S;9199;13;9198;27;;;9211;13;9213;27;;;9205.0;0.0
3;20200;PEBBLES_XL;13507;13;13505;27;;;13525;13;13527;27;;;13516.0;0.0
3;20200;PEBBLES_XS;7974;13;7973;27;;;7985;13;7986;27;;;7979.5;0.0
3;20300;PEBBLES_XS;7970;10;7969;29;;;7981;10;7982;29;;;7975.5;0.0
3;20300;PEBBLES_XL;13520;10;13518;29;;;13537;10;13539;29;;;13528.5;0.0
3;20300;PEBBLES_L;10143;10;10142;29;;;10156;10;10158;29;;;10149.5;0.0
3;20300;PEBBLES_M;9119;10;9117;29;;;9131;10;9132;29;;;9125.0;0.0
3;20300;PEBBLES_S;9215;10;9214;29;;;9228;10;9229;29;;;9221.5;0.0
3;20400;PEBBLES_XL;13529;15;13527;30;;;13547;15;13549;30;;;13538.0;0.0
3;20400;PEBBLES_XS;7984;15;7982;30;;;7994;15;7995;30;;;7989.0;0.0
3;20400;PEBBLES_S;9225;15;9224;30;;;9238;15;9239;30;;;9231.5;0.0
3;20400;PEBBLES_L;10116;15;10115;30;;;10129;15;10131;30;;;10122.5;0.0
3;20400;PEBBLES_M;9113;15;9112;30;;;9125;15;9126;30;;;9119.0;0.0
3;20500;PEBBLES_XS;7982;12;7981;23;;;7993;12;7994;23;;;7987.5;0.0
3;20500;PEBBLES_XL;13531;12;13529;23;;;13549;12;13551;23;;;13540.0;0.0
3;20500;PEBBLES_S;9206;12;9204;23;;;9218;12;9219;23;;;9212.0;0.0
3;20500;PEBBLES_L;10127;12;10125;23;;;10140;12;10141;23;;;10133.5;0.0
3;20500;PEBBLES_M;9121;12;9120;23;;;9133;12;9135;23;;;9127.0;0.0
3;20600;PEBBLES_XL;13541;13;13539;27;;;13558;13;13560;27;;;13549.5;0.0
3;20600;PEBBLES_XS;7977;13;7976;27;;;7987;13;7989;27;;;7982.0;0.0
3;20600;PEBBLES_S;9192;13;9191;27;;;9204;13;9206;27;;;9198.0;0.0
3;20600;PEBBLES_L;10131;13;10129;27;;;10144;13;10145;27;;;10137.5;0.0
3;20600;PEBBLES_M;9127;13;9126;27;;;9139;13;9140;27;;;9133.0;0.0
3;20700;PEBBLES_L;10110;12;10108;20;;;10123;12;10125;20;;;10116.5;0.0
3;20700;PEBBLES_M;9115;12;9114;20;;;9127;12;9129;20;;;9121.0;0.0
3;20700;PEBBLES_S;9190;12;9189;20;;;9202;12;9204;20;;;9196.0;0.0
3;20700;PEBBLES_XS;7965;12;7963;20;;;7975;12;7976;20;;;7970.0;0.0
3;20700;PEBBLES_XL;13588;12;13586;20;;;13605;12;13607;20;;;13596.5;0.0
3;20800;PEBBLES_S;9177;13;9176;22;;;9189;13;9190;22;;;9183.0;0.0
3;20800;PEBBLES_L;10116;13;10115;22;;;10129;13;10131;22;;;10122.5;0.0
3;20800;PEBBLES_M;9069;13;9068;22;;;9081;13;9082;22;;;9075.0;0.0
3;20800;PEBBLES_XL;13646;13;13644;22;;;13663;13;13665;22;;;13654.5;0.0
3;20800;PEBBLES_XS;7959;13;7958;22;;;7970;13;7971;22;;;7964.5;0.0
3;20900;PEBBLES_S;9176;15;9175;28;;;9188;15;9189;28;;;9182.0;0.0
3;20900;PEBBLES_L;10126;15;10125;28;;;10140;15;10141;28;;;10133.0;0.0
3;20900;PEBBLES_M;9081;15;9079;28;;;9093;15;9094;28;;;9087.0;0.0
3;20900;PEBBLES_XL;13653;15;13651;28;;;13670;15;13673;28;;;13661.5;0.0
3;20900;PEBBLES_XS;7931;15;7930;28;;;7942;15;7943;28;;;7936.5;0.0
3;21000;PEBBLES_S;9165;14;9164;29;;;9177;14;9178;29;;;9171.0;0.0
3;21000;PEBBLES_L;10105;14;10104;29;;;10118;14;10120;29;;;10111.5;0.0
3;21000;PEBBLES_M;9110;14;9108;29;;;9122;14;9123;29;;;9116.0;0.0
3;21000;PEBBLES_XS;7916;14;7915;29;;;7927;14;7928;29;;;7921.5;0.0
3;21000;PEBBLES_XL;13671;14;13669;29;;;13689;14;13691;29;;;13680.0;0.0
3;21100;PEBBLES_XL;13669;14;13667;26;;;13686;14;13688;26;;;13677.5;0.0
3;21100;PEBBLES_XS;7907;14;7906;26;;;7917;14;7918;26;;;7912.0;0.0
3;21100;PEBBLES_L;10104;14;10103;26;;;10117;14;10119;26;;;10110.5;0.0
3;21100;PEBBLES_M;9092;14;9091;26;;;9104;14;9105;26;;;9098.0;0.0
3;21100;PEBBLES_S;9196;14;9194;26;;;9208;14;9209;26;;;9202.0;0.0
3;21200;PEBBLES_S;9195;14;9194;30;;;9207;14;9208;30;;;9201.0;0.0
3;21200;PEBBLES_L;10120;14;10119;30;;;10133;14;10135;30;;;10126.5;0.0
3;21200;PEBBLES_XL;13603;14;13601;30;;;13621;14;13623;30;;;13612.0;0.0
3;21200;PEBBLES_M;9133;14;9131;30;;;9145;14;9146;30;;;9139.0;0.0
3;21200;PEBBLES_XS;7916;14;7915;30;;;7927;14;7928;30;;;7921.5;0.0
3;21300;PEBBLES_L;10092;11;10090;24;;;10105;11;10106;24;;;10098.5;0.0
3;21300;PEBBLES_M;9125;11;9124;24;;;9137;11;9138;24;;;9131.0;0.0
3;21300;PEBBLES_XL;13662;11;13660;24;;;13680;11;13682;24;;;13671.0;0.0
3;21300;PEBBLES_XS;7915;11;7914;24;;;7925;11;7926;24;;;7920.0;0.0
3;21300;PEBBLES_S;9174;11;9172;24;;;9186;11;9187;24;;;9180.0;0.0
3;21400;PEBBLES_XS;7901;13;7900;21;;;7912;13;7913;21;;;7906.5;0.0
3;21400;PEBBLES_XL;13647;13;13645;21;;;13664;13;13666;21;;;13655.5;0.0
3;21400;PEBBLES_S;9191;13;9189;21;;;9203;13;9204;21;;;9197.0;0.0
3;21400;PEBBLES_M;9133;13;9132;21;;;9145;13;9146;21;;;9139.0;0.0
3;21400;PEBBLES_L;10096;13;10094;21;;;10109;13;10111;21;;;10102.5;0.0
3;21500;PEBBLES_XL;13635;14;13633;26;;;13652;14;13654;26;;;13643.5;0.0
3;21500;PEBBLES_XS;7901;14;7899;26;;;7911;14;7912;26;;;7906.0;0.0
3;21500;PEBBLES_M;9133;14;9131;26;;;9145;14;9146;26;;;9139.0;0.0
3;21500;PEBBLES_L;10097;14;10095;26;;;10110;14;10112;26;;;10103.5;0.0
3;21500;PEBBLES_S;9203;14;9201;26;;;9215;14;9216;26;;;9209.0;0.0
3;21600;PEBBLES_XL;13611;14;13609;29;;;13628;14;13630;29;;;13619.5;0.0
3;21600;PEBBLES_XS;7926;14;7924;29;;;7936;14;7937;29;;;7931.0;0.0
3;21600;PEBBLES_S;9225;14;9223;29;;;9237;14;9238;29;;;9231.0;0.0
3;21600;PEBBLES_M;9133;14;9132;29;;;9145;14;9146;29;;;9139.0;0.0
3;21600;PEBBLES_L;10073;14;10072;29;;;10086;14;10088;29;;;10079.5;0.0
3;21700;PEBBLES_XL;13618;15;13616;23;;;13635;15;13637;23;;;13626.5;0.0
3;21700;PEBBLES_S;9209;15;9208;23;;;9221;15;9223;23;;;9215.0;0.0
3;21700;PEBBLES_XS;7915;15;7914;23;;;7925;15;7926;23;;;7920.0;0.0
3;21700;PEBBLES_M;9157;15;9155;23;;;9169;15;9170;23;;;9163.0;0.0
3;21700;PEBBLES_L;10069;15;10067;23;;;10082;15;10083;23;;;10075.5;0.0
3;21800;PEBBLES_S;9226;13;9224;20;;;9238;13;9239;20;;;9232.0;0.0
3;21800;PEBBLES_M;9151;13;9150;20;;;9163;13;9164;20;;;9157.0;0.0
3;21800;PEBBLES_L;10081;13;10079;20;;;10094;13;10095;20;;;10087.5;0.0
3;21800;PEBBLES_XS;7900;13;7898;20;;;7910;13;7911;20;;;7905.0;0.0
3;21800;PEBBLES_XL;13611;13;13609;20;;;13628;13;13630;20;;;13619.5;0.0
3;21900;PEBBLES_M;9140;10;9139;28;;;9152;10;9154;28;;;9146.0;0.0
3;21900;PEBBLES_L;10059;10;10057;28;;;10072;10;10074;28;;;10065.5;0.0
3;21900;PEBBLES_S;9243;10;9242;28;;;9255;10;9257;28;;;9249.0;0.0
3;21900;PEBBLES_XL;13615;10;13613;28;;;13632;10;13634;28;;;13623.5;0.0
3;21900;PEBBLES_XS;7910;10;7909;28;;;7921;10;7922;28;;;7915.5;0.0
3;22000;PEBBLES_S;9223;10;9222;24;;;9236;10;9237;24;;;9229.5;0.0
3;22000;PEBBLES_M;9155;10;9153;24;;;9167;10;9168;24;;;9161.0;0.0
3;22000;PEBBLES_L;10057;10;10056;24;;;10071;10;10072;24;;;10064.0;0.0
3;22000;PEBBLES_XL;13625;10;13623;24;;;13643;10;13645;24;;;13634.0;0.0
3;22000;PEBBLES_XS;7907;10;7905;24;;;7917;10;7918;24;;;7912.0;0.0
3;22100;PEBBLES_S;9233;15;9231;26;;;9245;15;9246;26;;;9239.0;0.0
3;22100;PEBBLES_M;9145;15;9144;26;;;9157;15;9159;26;;;9151.0;0.0
3;22100;PEBBLES_L;10030;15;10028;26;;;10043;15;10044;26;;;10036.5;0.0
3;22100;PEBBLES_XL;13636;15;13634;26;;;13654;15;13656;26;;;13645.0;0.0
3;22100;PEBBLES_XS;7924;15;7922;26;;;7934;15;7935;26;;;7929.0;0.0
3;22200;PEBBLES_XS;7968;13;7967;21;;;7979;13;7980;21;;;7973.5;0.0
3;22200;PEBBLES_XL;13588;13;13586;21;;;13606;13;13608;21;;;13597.0;0.0
3;22200;PEBBLES_S;9249;13;9248;21;;;9261;13;9262;21;;;9255.0;0.0
3;22200;PEBBLES_M;9141;13;9140;21;;;9153;13;9155;21;;;9147.0;0.0
3;22200;PEBBLES_L;10021;13;10019;21;;;10034;13;10035;21;;;10027.5;0.0
3;22300;PEBBLES_M;9138;13;9137;28;;;9150;13;9151;28;;;9144.0;0.0
3;22300;PEBBLES_L;10011;13;10009;28;;;10024;13;10025;28;;;10017.5;0.0
3;22300;PEBBLES_S;9253;13;9252;28;;;9265;13;9267;28;;;9259.0;0.0
3;22300;PEBBLES_XL;13595;13;13593;28;;;13612;13;13614;28;;;13603.5;0.0
3;22300;PEBBLES_XS;7971;13;7970;28;;;7982;13;7983;28;;;7976.5;0.0
3;22400;PEBBLES_XL;13598;11;13596;25;;;13615;11;13617;25;;;13606.5;0.0
3;22400;PEBBLES_XS;7956;11;7955;25;;;7967;11;7968;25;;;7961.5;0.0
3;22400;PEBBLES_S;9265;11;9263;25;;;9277;11;9278;25;;;9271.0;0.0
3;22400;PEBBLES_M;9148;11;9146;25;;;9160;11;9161;25;;;9154.0;0.0
3;22400;PEBBLES_L;10001;11;10000;25;;;10014;11;10016;25;;;10007.5;0.0
3;22500;PEBBLES_XL;13526;12;13524;27;;;13543;12;13545;27;;;13534.5;0.0
3;22500;PEBBLES_XS;7956;12;7955;27;;;7967;12;7968;27;;;7961.5;0.0
3;22500;PEBBLES_S;9299;12;9298;27;;;9311;12;9313;27;;;9305.0;0.0
3;22500;PEBBLES_L;10005;12;10004;27;;;10018;12;10020;27;;;10011.5;0.0
3;22500;PEBBLES_M;9181;12;9180;27;;;9193;12;9195;27;;;9187.0;0.0
3;22600;PEBBLES_XS;7953;15;7952;28;;;7964;15;7965;28;;;7958.5;0.0
3;22600;PEBBLES_XL;13517;15;13515;28;;;13535;15;13537;28;;;13526.0;0.0
3;22600;PEBBLES_S;9320;15;9319;28;;;9332;15;9334;28;;;9326.0;0.0
3;22600;PEBBLES_L;9996;15;9994;28;;;10009;15;10010;28;;;10002.5;0.0
3;22600;PEBBLES_M;9181;15;9180;28;;;9193;15;9195;28;;;9187.0;0.0
3;22700;PEBBLES_XL;13548;14;13546;28;;;13566;14;13568;28;;;13557.0;0.0
3;22700;PEBBLES_XS;7945;14;7943;28;;;7955;14;7956;28;;;7950.0;0.0
3;22700;PEBBLES_L;9983;14;9982;28;;;9996;14;9998;28;;;9989.5;0.0
3;22700;PEBBLES_M;9176;14;9175;28;;;9188;14;9189;28;;;9182.0;0.0
3;22700;PEBBLES_S;9316;14;9314;28;;;9328;14;9329;28;;;9322.0;0.0
3;22800;PEBBLES_S;9312;12;9311;22;;;9318;4;9324;12;9326;22;9315.0;0.0
3;22800;PEBBLES_XL;13552;12;13550;22;;;13560;4;13569;12;13571;22;13556.0;0.0
3;22800;PEBBLES_L;9995;12;9993;22;;;10001;4;10008;12;10009;22;9998.0;0.0
3;22800;PEBBLES_M;9177;12;9175;22;;;9182;4;9189;12;9190;22;9179.5;0.0
3;22800;PEBBLES_XS;7932;12;7931;22;;;7937;4;7943;12;7944;22;7934.5;0.0
3;22900;PEBBLES_S;9294;15;9293;24;;;9307;15;9308;24;;;9300.5;0.0
3;22900;PEBBLES_L;9986;15;9985;24;;;9999;15;10001;24;;;9992.5;0.0
3;22900;PEBBLES_M;9159;15;9157;24;;;9171;15;9172;24;;;9165.0;0.0
3;22900;PEBBLES_XL;13569;15;13567;24;;;13587;15;13589;24;;;13578.0;0.0
3;22900;PEBBLES_XS;7959;15;7958;24;;;7969;15;7971;24;;;7964.0;0.0
3;23000;PEBBLES_S;9258;13;9257;27;;;9270;13;9272;27;;;9264.0;0.0
3;23000;PEBBLES_L;9993;13;9992;27;;;10006;13;10008;27;;;9999.5;0.0
3;23000;PEBBLES_M;9173;13;9172;27;;;9185;13;9187;27;;;9179.0;0.0
3;23000;PEBBLES_XS;7948;13;7947;27;;;7959;13;7960;27;;;7953.5;0.0
3;23000;PEBBLES_XL;13595;13;13593;27;;;13612;13;13614;27;;;13603.5;0.0
3;23100;PEBBLES_L;9977;15;9975;20;;;9990;15;9991;20;;;9983.5;0.0
3;23100;PEBBLES_M;9166;15;9164;20;;;9178;15;9179;20;;;9172.0;0.0
3;23100;PEBBLES_S;9245;15;9243;20;;;9257;15;9258;20;;;9251.0;0.0
3;23100;PEBBLES_XL;13602;15;13599;20;;;13619;15;13621;20;;;13610.5;0.0
3;23100;PEBBLES_XS;7978;15;7977;20;;;7989;15;7990;20;;;7983.5;0.0
3;23200;PEBBLES_XS;7970;3;7965;12;7964;26;7976;12;7977;26;;;7973.0;0.0
3;23200;PEBBLES_S;9250;3;9245;12;9243;26;9257;12;9258;26;;;9253.5;0.0
3;23200;PEBBLES_L;10006;3;10000;12;9998;26;10013;12;10014;26;;;10009.5;0.0
3;23200;PEBBLES_M;9150;3;9144;12;9143;26;9156;12;9157;26;;;9153.0;0.0
3;23200;PEBBLES_XL;13622;3;13614;12;13612;26;13631;12;13633;26;;;13626.5;0.0
3;23300;PEBBLES_XL;13633;11;13631;24;;;13650;11;13652;24;;;13641.5;0.0
3;23300;PEBBLES_S;9237;11;9236;24;;;9249;11;9250;24;;;9243.0;0.0
3;23300;PEBBLES_XS;7943;11;7942;24;;;7953;11;7955;24;;;7948.0;0.0
3;23300;PEBBLES_L;10004;11;10002;24;;;10017;11;10019;24;;;10010.5;0.0
3;23300;PEBBLES_M;9151;11;9149;24;;;9163;11;9164;24;;;9157.0;0.0
3;23400;PEBBLES_S;9230;11;9229;25;;;9242;11;9243;25;;;9236.0;0.0
3;23400;PEBBLES_L;10003;11;10001;25;;;10016;11;10017;25;;;10009.5;0.0
3;23400;PEBBLES_M;9165;11;9164;25;;;9177;11;9179;25;;;9171.0;0.0
3;23400;PEBBLES_XS;7952;11;7951;25;;;7963;11;7964;25;;;7957.5;0.0
3;23400;PEBBLES_XL;13617;11;13615;25;;;13635;11;13637;25;;;13626.0;0.0
3;23500;PEBBLES_XL;13647;13;13645;23;;;13665;13;13667;23;;;13656.0;0.0
3;23500;PEBBLES_XS;7949;13;7947;23;;;7959;13;7960;23;;;7954.0;0.0
3;23500;PEBBLES_L;9994;13;9993;23;;;10007;13;10009;23;;;10000.5;0.0
3;23500;PEBBLES_M;9185;13;9183;23;;;9197;13;9198;23;;;9191.0;0.0
3;23500;PEBBLES_S;9193;13;9192;23;;;9205;13;9206;23;;;9199.0;0.0
3;23600;PEBBLES_XL;13691;11;13689;25;;;13708;11;13711;25;;;13699.5;0.0
3;23600;PEBBLES_XS;7946;11;7945;25;;;7957;11;7958;25;;;7951.5;0.0
3;23600;PEBBLES_S;9181;11;9180;25;;;9193;11;9195;25;;;9187.0;0.0
3;23600;PEBBLES_M;9186;11;9184;25;;;9198;11;9199;25;;;9192.0;0.0
3;23600;PEBBLES_L;9963;11;9962;25;;;9976;11;9978;25;;;9969.5;0.0
3;23700;PEBBLES_XL;13661;15;13659;28;;;13679;15;13681;28;;;13670.0;0.0
3;23700;PEBBLES_XS;7938;15;7937;28;;;7949;15;7950;28;;;7943.5;0.0
3;23700;PEBBLES_S;9197;15;9195;28;;;9209;15;9210;28;;;9203.0;0.0
3;23700;PEBBLES_M;9186;15;9185;28;;;9198;15;9199;28;;;9192.0;0.0
3;23700;PEBBLES_L;9985;15;9984;28;;;9998;15;10000;28;;;9991.5;0.0
3;23800;PEBBLES_XS;7945;15;7944;29;;;7956;15;7957;29;;;7950.5;0.0
3;23800;PEBBLES_XL;13660;15;13658;29;;;13677;15;13679;29;;;13668.5;0.0
3;23800;PEBBLES_S;9198;15;9196;29;;;9210;15;9211;29;;;9204.0;0.0
3;23800;PEBBLES_M;9178;15;9177;29;;;9190;15;9192;29;;;9184.0;0.0
3;23800;PEBBLES_L;9986;15;9985;29;;;9999;15;10001;29;;;9992.5;0.0
3;23900;PEBBLES_M;9188;15;9187;26;;;9201;15;9202;26;;;9194.5;0.0
3;23900;PEBBLES_L;9984;15;9983;26;;;9997;15;9999;26;;;9990.5;0.0
3;23900;PEBBLES_S;9207;15;9206;26;;;9219;15;9220;26;;;9213.0;0.0
3;23900;PEBBLES_XL;13623;15;13621;26;;;13640;15;13643;26;;;13631.5;0.0
3;23900;PEBBLES_XS;7964;15;7963;26;;;7975;15;7976;26;;;7969.5;0.0
3;24000;PEBBLES_S;9186;10;9184;28;;;9198;10;9199;28;;;9192.0;0.0
3;24000;PEBBLES_M;9172;10;9171;28;;;9184;10;9186;28;;;9178.0;0.0
3;24000;PEBBLES_L;9989;10;9987;28;;;10002;10;10003;28;;;9995.5;0.0
3;24000;PEBBLES_XL;13643;10;13641;28;;;13661;10;13663;28;;;13652.0;0.0
3;24000;PEBBLES_XS;7977;10;7976;28;;;7988;10;7989;28;;;7982.5;0.0
3;24100;PEBBLES_S;9179;15;9177;30;;;9191;15;9192;30;;;9185.0;0.0
3;24100;PEBBLES_M;9184;15;9183;30;;;9196;15;9197;30;;;9190.0;0.0
3;24100;PEBBLES_L;10017;15;10015;30;;;10030;15;10031;30;;;10023.5;0.0
3;24100;PEBBLES_XL;13646;15;13644;30;;;13663;15;13666;30;;;13654.5;0.0
3;24100;PEBBLES_XS;7942;15;7941;30;;;7952;15;7954;30;;;7947.0;0.0
3;24200;PEBBLES_S;9158;10;9156;28;;;9170;10;9171;28;;;9164.0;0.0
3;24200;PEBBLES_M;9179;10;9177;28;;;9191;10;9192;28;;;9185.0;0.0
3;24200;PEBBLES_L;10022;10;10021;28;;;10035;10;10037;28;;;10028.5;0.0
3;24200;PEBBLES_XS;7972;10;7970;28;;;7982;10;7983;28;;;7977.0;0.0
3;24200;PEBBLES_XL;13637;10;13635;28;;;13655;10;13657;28;;;13646.0;0.0
3;24300;PEBBLES_XL;13662;14;13660;26;;;13680;14;13682;26;;;13671.0;0.0
3;24300;PEBBLES_XS;7967;14;7966;26;;;7978;14;7979;26;;;7972.5;0.0
3;24300;PEBBLES_M;9175;14;9174;26;;;9187;14;9189;26;;;9181.0;0.0
3;24300;PEBBLES_L;10027;14;10025;26;;;10040;14;10041;26;;;10033.5;0.0
3;24300;PEBBLES_S;9136;14;9135;26;;;9148;14;9150;26;;;9142.0;0.0
3;24400;PEBBLES_S;9140;14;9138;23;;;9152;14;9153;23;;;9146.0;0.0
3;24400;PEBBLES_M;9183;14;9182;23;;;9195;14;9196;23;;;9189.0;0.0
3;24400;PEBBLES_L;10035;14;10034;23;;;10048;14;10050;23;;;10041.5;0.0
3;24400;PEBBLES_XL;13622;14;13620;23;;;13639;14;13641;23;;;13630.5;0.0
3;24400;PEBBLES_XS;7988;14;7987;23;;;7999;14;8000;23;;;7993.5;0.0
3;24500;PEBBLES_M;9178;12;9177;27;;;9191;12;9192;27;;;9184.5;0.0
3;24500;PEBBLES_L;10055;12;10054;27;;;10068;12;10070;27;;;10061.5;0.0
3;24500;PEBBLES_XL;13641;12;13639;27;;;13659;12;13661;27;;;13650.0;0.0
3;24500;PEBBLES_XS;7965;12;7963;27;;;7975;12;7976;27;;;7970.0;0.0
3;24500;PEBBLES_S;9128;12;9127;27;;;9140;12;9141;27;;;9134.0;0.0
3;24600;PEBBLES_XS;7971;12;7970;30;;;7982;12;7983;30;;;7976.5;0.0
3;24600;PEBBLES_XL;13604;12;13601;30;;;13621;12;13623;30;;;13612.5;0.0
3;24600;PEBBLES_S;9150;12;9148;30;;;9162;12;9163;30;;;9156.0;0.0
3;24600;PEBBLES_M;9186;12;9185;30;;;9198;12;9199;30;;;9192.0;0.0
3;24600;PEBBLES_L;10057;12;10056;30;;;10070;12;10072;30;;;10063.5;0.0
3;24700;PEBBLES_XL;13544;15;13542;22;;;13562;15;13564;22;;;13553.0;0.0
3;24700;PEBBLES_XS;7971;15;7970;22;;;7982;15;7983;22;;;7976.5;0.0
3;24700;PEBBLES_S;9143;15;9142;22;;;9155;15;9157;22;;;9149.0;0.0
3;24700;PEBBLES_L;10086;15;10084;22;;;10099;15;10100;22;;;10092.5;0.0
3;24700;PEBBLES_M;9223;15;9222;22;;;9235;15;9237;22;;;9229.0;0.0
3;24800;PEBBLES_XL;13556;14;13554;23;;;13573;14;13575;23;;;13564.5;0.0
3;24800;PEBBLES_XS;7995;14;7994;23;;;8005;14;8007;23;;;8000.0;0.0
3;24800;PEBBLES_L;10073;14;10072;23;;;10086;14;10088;23;;;10079.5;0.0
3;24800;PEBBLES_M;9213;14;9211;23;;;9225;14;9226;23;;;9219.0;0.0
3;24800;PEBBLES_S;9131;14;9130;23;;;9143;14;9144;23;;;9137.0;0.0
3;24900;PEBBLES_XL;13564;13;13562;23;;;13581;13;13583;23;;;13572.5;0.0
3;24900;PEBBLES_XS;7973;13;7972;23;;;7984;13;7985;23;;;7978.5;0.0
3;24900;PEBBLES_S;9111;13;9110;23;;;9123;13;9124;23;;;9117.0;0.0
3;24900;PEBBLES_L;10070;13;10068;23;;;10083;13;10085;23;;;10076.5;0.0
3;24900;PEBBLES_M;9250;13;9248;23;;;9262;13;9263;23;;;9256.0;0.0
3;25000;PEBBLES_L;10080;15;10079;26;;;10094;15;10095;26;;;10087.0;0.0
3;25000;PEBBLES_M;9238;15;9237;26;;;9251;15;9252;26;;;9244.5;0.0
3;25000;PEBBLES_S;9144;15;9142;26;;;9156;15;9157;26;;;9150.0;0.0
3;25000;PEBBLES_XS;7981;15;7980;26;;;7992;15;7993;26;;;7986.5;0.0
3;25000;PEBBLES_XL;13524;15;13522;26;;;13541;15;13543;26;;;13532.5;0.0
3;25100;PEBBLES_S;9158;13;9156;22;;;9170;13;9171;22;;;9164.0;0.0
3;25100;PEBBLES_L;10058;13;10057;22;;;10071;13;10073;22;;;10064.5;0.0
3;25100;PEBBLES_M;9236;13;9235;22;;;9248;13;9250;22;;;9242.0;0.0
3;25100;PEBBLES_XL;13543;13;13541;22;;;13560;13;13562;22;;;13551.5;0.0
3;25100;PEBBLES_XS;7972;13;7971;22;;;7983;13;7984;22;;;7977.5;0.0
3;25200;PEBBLES_L;10033;13;10031;25;;;10046;13;10047;25;;;10039.5;0.0
3;25200;PEBBLES_M;9254;13;9253;25;;;9266;13;9268;25;;;9260.0;0.0
3;25200;PEBBLES_S;9158;13;9156;25;;;9170;13;9171;25;;;9164.0;0.0
3;25200;PEBBLES_XL;13556;13;13554;25;;;13573;13;13575;25;;;13564.5;0.0
3;25200;PEBBLES_XS;7967;13;7966;25;;;7977;13;7979;25;;;7972.0;0.0
3;25300;PEBBLES_S;9154;13;9152;25;;;9166;13;9167;25;;;9160.0;0.0
3;25300;PEBBLES_L;10032;13;10031;25;;;10045;13;10047;25;;;10038.5;0.0
3;25300;PEBBLES_M;9249;13;9247;25;;;9261;13;9262;25;;;9255.0;0.0
3;25300;PEBBLES_XL;13586;13;13584;25;;;13603;13;13605;25;;;13594.5;0.0
3;25300;PEBBLES_XS;7947;13;7946;25;;;7958;13;7959;25;;;7952.5;0.0
3;25400;PEBBLES_XS;7922;11;7921;25;;;7933;11;7934;25;;;7927.5;0.0
3;25400;PEBBLES_XL;13583;11;13581;25;;;13600;11;13602;25;;;13591.5;0.0
3;25400;PEBBLES_L;10039;11;10037;25;;;10052;11;10053;25;;;10045.5;0.0
3;25400;PEBBLES_M;9253;11;9252;25;;;9265;11;9266;25;;;9259.0;0.0
3;25400;PEBBLES_S;9171;11;9169;25;;;9183;11;9184;25;;;9177.0;0.0
3;25500;PEBBLES_S;9140;11;9138;23;;;9152;11;9153;23;;;9146.0;0.0
3;25500;PEBBLES_L;10049;11;10048;23;;;10062;11;10064;23;;;10055.5;0.0
3;25500;PEBBLES_M;9260;11;9258;23;;;9272;11;9273;23;;;9266.0;0.0
3;25500;PEBBLES_XS;7905;11;7904;23;;;7915;11;7916;23;;;7910.0;0.0
3;25500;PEBBLES_XL;13614;11;13612;23;;;13631;11;13633;23;;;13622.5;0.0
3;25600;PEBBLES_XL;13596;15;13594;27;;;13613;15;13615;27;;;13604.5;0.0
3;25600;PEBBLES_XS;7918;15;7917;27;;;7929;15;7930;27;;;7923.5;0.0
3;25600;PEBBLES_L;10053;15;10051;27;;;10066;15;10068;27;;;10059.5;0.0
3;25600;PEBBLES_M;9248;15;9247;27;;;9260;15;9262;27;;;9254.0;0.0
3;25600;PEBBLES_S;9152;15;9151;27;;;9164;15;9166;27;;;9158.0;0.0
3;25700;PEBBLES_XS;7904;11;7903;22;;;7914;11;7916;22;;;7909.0;0.0
3;25700;PEBBLES_XL;13610;11;13608;22;;;13627;11;13629;22;;;13618.5;0.0
3;25700;PEBBLES_S;9164;11;9163;22;;;9176;11;9178;22;;;9170.0;0.0
3;25700;PEBBLES_L;10054;11;10053;22;;;10067;11;10069;22;;;10060.5;0.0
3;25700;PEBBLES_M;9236;11;9234;22;;;9248;11;9249;22;;;9242.0;0.0
3;25800;PEBBLES_XS;7899;14;7898;29;;;7910;14;7911;29;;;7904.5;0.0
3;25800;PEBBLES_XL;13642;14;13640;29;;;13659;14;13661;29;;;13650.5;0.0
3;25800;PEBBLES_M;9235;14;9233;29;;;9247;14;9248;29;;;9241.0;0.0
3;25800;PEBBLES_L;10047;14;10046;29;;;10060;14;10062;29;;;10053.5;0.0
3;25800;PEBBLES_S;9144;14;9143;29;;;9156;14;9158;29;;;9150.0;0.0
3;25900;PEBBLES_XS;7895;11;7894;29;;;7906;11;7907;29;;;7900.5;0.0
3;25900;PEBBLES_XL;13694;11;13692;29;;;13712;11;13714;29;;;13703.0;0.0
3;25900;PEBBLES_S;9126;11;9124;29;;;9138;11;9139;29;;;9132.0;0.0
3;25900;PEBBLES_M;9230;11;9229;29;;;9242;11;9244;29;;;9236.0;0.0
3;25900;PEBBLES_L;10022;11;10020;29;;;10035;11;10036;29;;;10028.5;0.0
3;26000;PEBBLES_XL;13688;14;13686;23;;;13705;14;13707;23;;;13696.5;0.0
3;26000;PEBBLES_M;9234;14;9232;23;;;9246;14;9247;23;;;9240.0;0.0
3;26000;PEBBLES_L;10025;14;10024;23;;;10038;14;10040;23;;;10031.5;0.0
3;26000;PEBBLES_S;9127;14;9125;23;;;9138;14;9140;23;;;9132.5;0.0
3;26000;PEBBLES_XS;7895;14;7893;23;;;7905;14;7906;23;;;7900.0;0.0
3;26100;PEBBLES_S;9133;12;9131;27;;;9145;12;9146;27;;;9139.0;0.0
3;26100;PEBBLES_M;9247;12;9246;27;;;9259;12;9261;27;;;9253.0;0.0
3;26100;PEBBLES_L;10039;12;10038;27;;;10052;12;10054;27;;;10045.5;0.0
3;26100;PEBBLES_XS;7908;12;7906;27;;;7918;12;7919;27;;;7913.0;0.0
3;26100;PEBBLES_XL;13641;12;13639;27;;;13658;12;13660;27;;;13649.5;0.0
3;26200;PEBBLES_M;9221;13;9219;22;;;9233;13;9234;22;;;9227.0;0.0
3;26200;PEBBLES_L;10053;13;10052;22;;;10066;13;10068;22;;;10059.5;0.0
3;26200;PEBBLES_S;9109;13;9108;22;;;9121;13;9123;22;;;9115.0;0.0
3;26200;PEBBLES_XS;7909;13;7908;22;;;7920;13;7921;22;;;7914.5;0.0
3;26200;PEBBLES_XL;13675;13;13673;22;;;13692;13;13694;22;;;13683.5;0.0
3;26300;PEBBLES_S;9119;14;9117;23;;;9131;14;9132;23;;;9125.0;0.0
3;26300;PEBBLES_M;9212;14;9211;23;;;9224;14;9226;23;;;9218.0;0.0
3;26300;PEBBLES_L;10027;14;10025;23;;;10040;14;10041;23;;;10033.5;0.0
3;26300;PEBBLES_XS;7901;14;7900;23;;;7912;14;7913;23;;;7906.5;0.0
3;26300;PEBBLES_XL;13708;14;13706;23;;;13726;14;13728;23;;;13717.0;0.0
3;26400;PEBBLES_XS;7898;15;7897;22;;;7909;15;7910;22;;;7903.5;0.0
3;26400;PEBBLES_M;9208;15;9207;22;;;9220;15;9222;22;;;9214.0;0.0
3;26400;PEBBLES_L;9997;15;9995;22;;;10010;15;10011;22;;;10003.5;0.0
3;26400;PEBBLES_S;9106;15;9104;22;;;9118;15;9119;22;;;9112.0;0.0
3;26400;PEBBLES_XL;13758;15;13756;22;;;13776;15;13778;22;;;13767.0;0.0
3;26500;PEBBLES_XS;7890;12;7889;25;;;7900;12;7901;25;;;7895.0;0.0
3;26500;PEBBLES_XL;13742;12;13740;25;;;13759;12;13762;25;;;13750.5;0.0
3;26500;PEBBLES_S;9101;12;9099;25;;;9113;12;9114;25;;;9107.0;0.0
3;26500;PEBBLES_M;9228;12;9227;25;;;9240;12;9241;25;;;9234.0;0.0
3;26500;PEBBLES_L;10007;12;10006;25;;;10020;12;10022;25;;;10013.5;0.0
3;26600;PEBBLES_M;9233;15;9232;24;;;9246;15;9247;24;;;9239.5;0.0
3;26600;PEBBLES_L;10008;15;10006;24;;;10021;15;10022;24;;;10014.5;0.0
3;26600;PEBBLES_S;9101;15;9100;24;;;9113;15;9114;24;;;9107.0;0.0
3;26600;PEBBLES_XS;7900;15;7899;24;;;7911;15;7912;24;;;7905.5;0.0
3;26600;PEBBLES_XL;13725;15;13723;24;;;13742;15;13744;24;;;13733.5;0.0
3;26700;PEBBLES_XS;7913;12;7912;25;;;7924;12;7925;25;;;7918.5;0.0
3;26700;PEBBLES_XL;13733;12;13731;25;;;13751;12;13753;25;;;13742.0;0.0
3;26700;PEBBLES_S;9123;12;9121;25;;;9134;12;9136;25;;;9128.5;0.0
3;26700;PEBBLES_M;9196;12;9195;25;;;9208;12;9210;25;;;9202.0;0.0
3;26700;PEBBLES_L;10002;12;10000;25;;;10015;12;10016;25;;;10008.5;0.0
3;26800;PEBBLES_XL;13719;10;13717;29;;;13737;10;13739;29;;;13728.0;0.0
3;26800;PEBBLES_XS;7904;10;7903;29;;;7915;10;7916;29;;;7909.5;0.0
3;26800;PEBBLES_M;9199;10;9198;29;;;9211;10;9213;29;;;9205.0;0.0
3;26800;PEBBLES_L;10019;10;10017;29;;;10032;10;10034;29;;;10025.5;0.0
3;26800;PEBBLES_S;9126;10;9124;29;;;9138;10;9139;29;;;9132.0;0.0
3;26900;PEBBLES_XS;7928;12;7927;23;;;7938;12;7940;23;;;7933.0;0.0
3;26900;PEBBLES_XL;13690;12;13688;23;;;13708;12;13710;23;;;13699.0;0.0
3;26900;PEBBLES_S;9136;12;9135;23;;;9148;12;9150;23;;;9142.0;0.0
3;26900;PEBBLES_L;10025;12;10023;23;;;10038;12;10039;23;;;10031.5;0.0
3;26900;PEBBLES_M;9188;12;9187;23;;;9200;12;9202;23;;;9194.0;0.0
3;27000;PEBBLES_XS;7929;12;7928;23;;;7940;12;7941;23;;;7934.5;0.0
3;27000;PEBBLES_XL;13667;12;13665;23;;;13684;12;13686;23;;;13675.5;0.0
3;27000;PEBBLES_L;10034;12;10032;23;;;10047;12;10048;23;;;10040.5;0.0
3;27000;PEBBLES_M;9192;12;9191;23;;;9204;12;9205;23;;;9198.0;0.0
3;27000;PEBBLES_S;9146;12;9144;23;;;9158;12;9159;23;;;9152.0;0.0
3;27100;PEBBLES_S;9168;10;9166;27;;;9180;10;9181;27;;;9174.0;0.0
3;27100;PEBBLES_L;10046;10;10045;27;;;10059;10;10061;27;;;10052.5;0.0
3;27100;PEBBLES_M;9217;10;9215;27;;;9229;10;9230;27;;;9223.0;0.0
3;27100;PEBBLES_XS;7923;10;7922;27;;;7933;10;7934;27;;;7928.0;0.0
3;27100;PEBBLES_XL;13614;10;13612;27;;;13632;10;13634;27;;;13623.0;0.0
3;27200;PEBBLES_L;10056;11;10054;25;;;10069;11;10070;25;;;10062.5;0.0
3;27200;PEBBLES_M;9230;11;9229;25;;;9242;11;9243;25;;;9236.0;0.0
3;27200;PEBBLES_S;9175;11;9174;25;;;9187;11;9189;25;;;9181.0;0.0
3;27200;PEBBLES_XL;13588;11;13586;25;;;13606;11;13608;25;;;13597.0;0.0
3;27200;PEBBLES_XS;7918;11;7917;25;;;7929;11;7930;25;;;7923.5;0.0
3;27300;PEBBLES_S;9176;11;9175;26;;;9188;11;9190;26;;;9182.0;0.0
3;27300;PEBBLES_L;10061;11;10059;26;;;10074;11;10075;26;;;10067.5;0.0
3;27300;PEBBLES_M;9233;11;9232;26;;;9245;11;9247;26;;;9239.0;0.0
3;27300;PEBBLES_XS;7935;11;7934;26;;;7945;11;7947;26;;;7940.0;0.0
3;27300;PEBBLES_XL;13562;11;13560;26;;;13579;11;13581;26;;;13570.5;0.0
3;27400;PEBBLES_L;10083;14;10081;25;;;10096;14;10097;25;;;10089.5;0.0
3;27400;PEBBLES_M;9222;14;9221;25;;;9234;14;9236;25;;;9228.0;0.0
3;27400;PEBBLES_S;9179;14;9178;25;;;9191;14;9193;25;;;9185.0;0.0
3;27400;PEBBLES_XS;7945;14;7944;25;;;7955;14;7956;25;;;7950.0;0.0
3;27400;PEBBLES_XL;13539;14;13537;25;;;13556;14;13558;25;;;13547.5;0.0
3;27500;PEBBLES_XS;7948;11;7947;30;;;7958;11;7960;30;;;7953.0;0.0
3;27500;PEBBLES_XL;13547;11;13545;30;;;13564;11;13566;30;;;13555.5;0.0
3;27500;PEBBLES_S;9196;11;9194;30;;;9208;11;9209;30;;;9202.0;0.0
3;27500;PEBBLES_L;10040;11;10038;30;;;10053;11;10054;30;;;10046.5;0.0
3;27500;PEBBLES_M;9237;11;9236;30;;;9249;11;9251;30;;;9243.0;0.0
3;27600;PEBBLES_XL;13609;10;13607;28;;;13626;10;13628;28;;;13617.5;0.0
3;27600;PEBBLES_L;10024;10;10023;28;;;10037;10;10039;28;;;10030.5;0.0
3;27600;PEBBLES_M;9228;10;9227;28;;;9240;10;9242;28;;;9234.0;0.0
3;27600;PEBBLES_S;9162;10;9161;28;;;9174;10;9175;28;;;9168.0;0.0
3;27600;PEBBLES_XS;7944;10;7943;28;;;7954;10;7956;28;;;7949.0;0.0
3;27700;PEBBLES_L;9994;11;9993;28;;;10007;11;10009;28;;;10000.5;0.0
3;27700;PEBBLES_M;9230;11;9229;28;;;9242;11;9244;28;;;9236.0;0.0
3;27700;PEBBLES_XS;7955;11;7954;28;;;7966;11;7967;28;;;7960.5;0.0
3;27700;PEBBLES_XL;13585;11;13583;28;;;13602;11;13604;28;;;13593.5;0.0
3;27700;PEBBLES_S;9203;11;9202;28;;;9215;11;9217;28;;;9209.0;0.0
3;27800;PEBBLES_XS;7981;14;7980;25;;;7991;14;7993;25;;;7986.0;0.0
3;27800;PEBBLES_XL;13585;14;13583;25;;;13603;14;13605;25;;;13594.0;0.0
3;27800;PEBBLES_L;9966;14;9965;25;;;9979;14;9981;25;;;9972.5;0.0
3;27800;PEBBLES_M;9219;14;9217;25;;;9231;14;9232;25;;;9225.0;0.0
3;27800;PEBBLES_S;9216;14;9215;25;;;9228;14;9230;25;;;9222.0;0.0
3;27900;PEBBLES_XS;7958;12;7957;29;;;7969;12;7970;29;;;7963.5;0.0
3;27900;PEBBLES_XL;13621;12;13619;29;;;13638;12;13640;29;;;13629.5;0.0
3;27900;PEBBLES_S;9205;12;9203;29;;;9217;12;9218;29;;;9211.0;0.0
3;27900;PEBBLES_L;9958;12;9957;29;;;9971;12;9973;29;;;9964.5;0.0
3;27900;PEBBLES_M;9226;12;9224;29;;;9238;12;9239;29;;;9232.0;0.0
3;28000;PEBBLES_XL;13645;5;13636;13;13634;25;13654;13;13656;25;;;13649.5;0.0
3;28000;PEBBLES_XS;7965;5;7960;13;7959;25;7971;13;7972;25;;;7968.0;0.0
3;28000;PEBBLES_M;9226;5;9220;13;9219;25;9233;13;9234;25;;;9229.5;0.0
3;28000;PEBBLES_L;9953;5;9947;13;9946;25;9960;13;9962;25;;;9956.5;0.0
3;28000;PEBBLES_S;9209;5;9203;13;9202;25;9215;13;9216;25;;;9212.0;0.0
3;28100;PEBBLES_XS;7920;12;7919;22;;;7931;12;7932;22;;;7925.5;0.0
3;28100;PEBBLES_XL;13668;12;13666;22;;;13686;12;13688;22;;;13677.0;0.0
3;28100;PEBBLES_S;9194;12;9193;22;;;9206;12;9208;22;;;9200.0;0.0
3;28100;PEBBLES_M;9219;12;9218;22;;;9231;12;9233;22;;;9225.0;0.0
3;28100;PEBBLES_L;9966;12;9964;22;;;9979;12;9980;22;;;9972.5;0.0
3;28200;PEBBLES_M;9220;12;9218;27;;;9232;12;9233;27;;;9226.0;0.0
3;28200;PEBBLES_L;9981;12;9980;27;;;9994;12;9996;27;;;9987.5;0.0
3;28200;PEBBLES_S;9194;12;9192;27;;;9206;12;9207;27;;;9200.0;0.0
3;28200;PEBBLES_XS;7911;12;7910;27;;;7921;12;7923;27;;;7916.0;0.0
3;28200;PEBBLES_XL;13662;12;13660;27;;;13680;12;13682;27;;;13671.0;0.0
3;28300;PEBBLES_S;9197;14;9196;28;;;9209;14;9211;28;;;9203.0;0.0
3;28300;PEBBLES_M;9202;14;9201;28;;;9214;14;9216;28;;;9208.0;0.0
3;28300;PEBBLES_L;9990;14;9988;28;;;10003;14;10004;28;;;9996.5;0.0
3;28300;PEBBLES_XS;7911;14;7910;28;;;7922;14;7923;28;;;7916.5;0.0
3;28300;PEBBLES_XL;13667;14;13665;28;;;13685;14;13687;28;;;13676.0;0.0
3;28400;PEBBLES_M;9187;13;9185;21;;;9199;13;9200;21;;;9193.0;0.0
3;28400;PEBBLES_L;10002;13;10001;21;;;10015;13;10017;21;;;10008.5;0.0
3;28400;PEBBLES_S;9169;13;9167;21;;;9181;13;9182;21;;;9175.0;0.0
3;28400;PEBBLES_XL;13699;13;13697;21;;;13716;13;13718;21;;;13707.5;0.0
3;28400;PEBBLES_XS;7911;13;7910;21;;;7922;13;7923;21;;;7916.5;0.0
3;28500;PEBBLES_S;9203;15;9202;22;;;9215;15;9217;22;;;9209.0;0.0
3;28500;PEBBLES_M;9188;15;9187;22;;;9200;15;9201;22;;;9194.0;0.0
3;28500;PEBBLES_L;10017;15;10016;22;;;10030;15;10032;22;;;10023.5;0.0
3;28500;PEBBLES_XS;7897;15;7896;22;;;7908;15;7909;22;;;7902.5;0.0
3;28500;PEBBLES_XL;13661;15;13659;22;;;13679;15;13681;22;;;13670.0;0.0
3;28600;PEBBLES_XS;7890;14;7889;24;;;7901;14;7902;24;;;7895.5;0.0
3;28600;PEBBLES_XL;13674;14;13672;24;;;13691;14;13693;24;;;13682.5;0.0
3;28600;PEBBLES_M;9197;14;9196;24;;;9209;14;9210;24;;;9203.0;0.0
3;28600;PEBBLES_L;10013;14;10011;24;;;10026;14;10027;24;;;10019.5;0.0
3;28600;PEBBLES_S;9194;14;9192;24;;;9206;14;9207;24;;;9200.0;0.0
3;28700;PEBBLES_S;9187;14;9186;25;;;9193;5;9199;14;9201;25;9190.0;0.0
3;28700;PEBBLES_M;9193;14;9192;25;;;9199;5;9205;14;9207;25;9196.0;0.0
3;28700;PEBBLES_L;10016;14;10015;25;;;10022;5;10029;14;10031;25;10019.0;0.0
3;28700;PEBBLES_XS;7871;14;7870;25;;;7876;5;7882;14;7883;25;7873.5;0.0
3;28700;PEBBLES_XL;13699;14;13697;25;;;13708;5;13717;14;13719;25;13703.5;0.0
3;28800;PEBBLES_XL;13714;13;13712;20;;;13732;13;13734;20;;;13723.0;0.0
3;28800;PEBBLES_XS;7859;13;7858;20;;;7869;13;7870;20;;;7864.0;0.0
3;28800;PEBBLES_M;9200;13;9198;20;;;9212;13;9213;20;;;9206.0;0.0
3;28800;PEBBLES_L;10005;13;10003;20;;;10018;13;10019;20;;;10011.5;0.0
3;28800;PEBBLES_S;9190;13;9189;20;;;9202;13;9204;20;;;9196.0;0.0
3;28900;PEBBLES_XS;7870;13;7869;21;;;7880;13;7882;21;;;7875.0;0.0
3;28900;PEBBLES_XL;13723;13;13721;21;;;13740;13;13743;21;;;13731.5;0.0
3;28900;PEBBLES_S;9182;13;9181;21;;;9194;13;9196;21;;;9188.0;0.0
3;28900;PEBBLES_M;9197;13;9196;21;;;9210;13;9211;21;;;9203.5;0.0
3;28900;PEBBLES_L;9995;13;9993;21;;;10008;13;10009;21;;;10001.5;0.0
3;29000;PEBBLES_XS;7845;11;7844;24;;;7855;11;7856;24;;;7850.0;0.0
3;29000;PEBBLES_XL;13817;11;13815;24;;;13834;11;13836;24;;;13825.5;0.0
3;29000;PEBBLES_M;9204;11;9202;24;;;9216;11;9217;24;;;9210.0;0.0
3;29000;PEBBLES_L;9965;11;9964;24;;;9978;11;9980;24;;;9971.5;0.0
3;29000;PEBBLES_S;9137;11;9136;24;;;9149;11;9150;24;;;9143.0;0.0
3;29100;PEBBLES_XS;7839;12;7838;24;;;7850;12;7851;24;;;7844.5;0.0
3;29100;PEBBLES_XL;13841;12;13839;24;;;13859;12;13861;24;;;13850.0;0.0
3;29100;PEBBLES_S;9141;12;9140;24;;;9153;12;9154;24;;;9147.0;0.0
3;29100;PEBBLES_L;9979;12;9978;24;;;9992;12;9994;24;;;9985.5;0.0
3;29100;PEBBLES_M;9167;12;9165;24;;;9179;12;9180;24;;;9173.0;0.0
3;29200;PEBBLES_XL;13819;12;13817;20;;;13837;12;13839;20;;;13828.0;0.0
3;29200;PEBBLES_S;9152;12;9151;20;;;9164;12;9165;20;;;9158.0;0.0
3;29200;PEBBLES_L;10018;12;10017;20;;;10031;12;10033;20;;;10024.5;0.0
3;29200;PEBBLES_M;9165;12;9163;20;;;9177;12;9178;20;;;9171.0;0.0
3;29200;PEBBLES_XS;7813;12;7812;20;;;7824;12;7825;20;;;7818.5;0.0
3;29300;PEBBLES_S;9129;10;9128;28;;;9141;10;9143;28;;;9135.0;0.0
3;29300;PEBBLES_L;10034;10;10033;28;;;10047;10;10049;28;;;10040.5;0.0
3;29300;PEBBLES_M;9121;10;9120;28;;;9133;10;9135;28;;;9127.0;0.0
3;29300;PEBBLES_XS;7809;10;7808;28;;;7820;10;7821;28;;;7814.5;0.0
3;29300;PEBBLES_XL;13873;10;13871;28;;;13891;10;13893;28;;;13882.0;0.0
3;29400;PEBBLES_S;9121;11;9120;24;;;9133;11;9134;24;;;9127.0;0.0
3;29400;PEBBLES_L;10025;11;10023;24;;;10038;11;10039;24;;;10031.5;0.0
3;29400;PEBBLES_M;9113;11;9112;24;;;9125;11;9127;24;;;9119.0;0.0
3;29400;PEBBLES_XS;7835;11;7834;24;;;7846;11;7847;24;;;7840.5;0.0
3;29400;PEBBLES_XL;13873;11;13871;24;;;13891;11;13893;24;;;13882.0;0.0
3;29500;PEBBLES_S;9118;12;9117;23;;;9130;12;9131;23;;;9124.0;0.0
3;29500;PEBBLES_L;10029;12;10028;23;;;10042;12;10044;23;;;10035.5;0.0
3;29500;PEBBLES_M;9131;12;9129;23;;;9142;12;9144;23;;;9136.5;0.0
3;29500;PEBBLES_XS;7849;12;7848;23;;;7860;12;7861;23;;;7854.5;0.0
3;29500;PEBBLES_XL;13840;12;13838;23;;;13858;12;13860;23;;;13849.0;0.0
3;29600;PEBBLES_XS;7846;12;7845;23;;;7857;12;7858;23;;;7851.5;0.0
3;29600;PEBBLES_S;9130;12;9129;23;;;9142;12;9144;23;;;9136.0;0.0
3;29600;PEBBLES_L;10030;12;10028;23;;;10043;12;10044;23;;;10036.5;0.0
3;29600;PEBBLES_M;9139;12;9138;23;;;9151;12;9153;23;;;9145.0;0.0
3;29600;PEBBLES_XL;13822;12;13820;23;;;13839;12;13841;23;;;13830.5;0.0
3;29700;PEBBLES_XS;7822;15;7821;27;;;7832;15;7834;27;;;7827.0;0.0
3;29700;PEBBLES_XL;13823;15;13821;27;;;13841;15;13843;27;;;13832.0;0.0
