day;timestamp;product;bid_price_1;bid_volume_1;bid_price_2;bid_volume_2;bid_price_3;bid_volume_3;ask_price_1;ask_volume_1;ask_price_2;ask_volume_2;ask_price_3;ask_volume_3;mid_price;profit_and_loss
2;0;TRANSLATOR_GRAPHITE_MIST;9996;15;9995;17;;;10004;15;10005;17;;;10000.0;0.0
2;0;TRANSLATOR_VOID_BLUE;9996;15;9995;17;;;10004;15;10005;17;;;10000.0;0.0
2;0;TRANSLATOR_SPACE_GRAY;9996;15;9995;17;;;10004;15;10005;17;;;10000.0;0.0
2;0;TRANSLATOR_ECLIPSE_CHARCOAL;9996;15;9995;17;;;10004;15;10005;17;;;10000.0;0.0
2;0;TRANSLATOR_ASTRO_BLACK;9996;15;9995;17;;;10004;15;10005;17;;;10000.0;0.0
2;100;TRANSLATOR_ECLIPSE_CHARCOAL;10011;12;10010;22;;;10020;12;10021;22;;;10015.5;0.0
2;100;TRANSLATOR_GRAPHITE_MIST;10002;12;10001;22;;;10011;12;10012;22;;;10006.5;0.0
2;100;TRANSLATOR_VOID_BLUE;9998;12;9997;22;;;10007;12;10008;22;;;10002.5;0.0
2;100;TRANSLATOR_SPACE_GRAY;9996;12;9995;22;;;10005;12;10006;22;;;10000.5;0.0
2;100;TRANSLATOR_ASTRO_BLACK;9982;12;9981;22;;;9991;12;9992;22;;;9986.5;0.0
2;200;TRANSLATOR_ECLIPSE_CHARCOAL;9992;10;9991;20;;;10001;10;10002;20;;;9996.5;0.0
2;200;TRANSLATOR_GRAPHITE_MIST;9998;10;9997;20;;;10007;10;10008;20;;;10002.5;0.0
2;200;TRANSLATOR_ASTRO_BLACK;9992;10;9991;20;;;10001;10;10002;20;;;9996.5;0.0
2;200;TRANSLATOR_VOID_BLUE;10003;10;10002;20;;;10012;10;10013;20;;;10007.5;0.0
2;200;TRANSLATOR_SPACE_GRAY;9998;10;9997;20;;;10007;10;10008;20;;;10002.5;0.0
2;300;TRANSLATOR_ECLIPSE_CHARCOAL;9993;10;9992;16;;;10002;10;10003;16;;;9997.5;0.0
2;300;TRANSLATOR_GRAPHITE_MIST;10006;10;10005;16;;;10015;10;10016;16;;;10010.5;0.0
2;300;TRANSLATOR_VOID_BLUE;10005;10;10004;16;;;10014;10;10015;16;;;10009.5;0.0
2;300;TRANSLATOR_ASTRO_BLACK;9970;10;9969;16;;;9979;10;9980;16;;;9974.5;0.0
2;300;TRANSLATOR_SPACE_GRAY;9991;10;9990;16;;;10000;10;10001;16;;;9995.5;0.0
2;400;TRANSLATOR_SPACE_GRAY;9984;8;9983;16;;;9993;8;9994;16;;;9988.5;0.0
2;400;TRANSLATOR_ECLIPSE_CHARCOAL;9989;8;9988;16;;;9998;8;9999;16;;;9993.5;0.0
2;400;TRANSLATOR_GRAPHITE_MIST;10009;8;10008;16;;;10018;8;10019;16;;;10013.5;0.0
2;400;TRANSLATOR_ASTRO_BLACK;9989;8;9988;16;;;9998;8;9999;16;;;9993.5;0.0
2;400;TRANSLATOR_VOID_BLUE;10015;8;10014;16;;;10024;8;10025;16;;;10019.5;0.0
2;500;TRANSLATOR_SPACE_GRAY;9997;9;9996;19;;;10006;9;10007;19;;;10001.5;0.0
2;500;TRANSLATOR_ECLIPSE_CHARCOAL;9992;9;9991;19;;;10001;9;10002;19;;;9996.5;0.0
2;500;TRANSLATOR_ASTRO_BLACK;9975;9;9974;19;;;9984;9;9985;19;;;9979.5;0.0
2;500;TRANSLATOR_GRAPHITE_MIST;10005;9;10004;19;;;10014;9;10015;19;;;10009.5;0.0
2;500;TRANSLATOR_VOID_BLUE;10032;9;10031;19;;;10041;9;10042;19;;;10036.5;0.0
2;600;TRANSLATOR_SPACE_GRAY;9987;9;9986;16;;;9996;9;9997;16;;;9991.5;0.0
2;600;TRANSLATOR_ASTRO_BLACK;9975;9;9974;16;;;9984;9;9985;16;;;9979.5;0.0
2;600;TRANSLATOR_ECLIPSE_CHARCOAL;9976;9;9975;16;;;9985;9;9986;16;;;9980.5;0.0
2;600;TRANSLATOR_VOID_BLUE;10039;9;10038;16;;;10048;9;10049;16;;;10043.5;0.0
2;600;TRANSLATOR_GRAPHITE_MIST;10006;9;10005;16;;;10015;9;10016;16;;;10010.5;0.0
2;700;TRANSLATOR_ASTRO_BLACK;9989;11;9988;22;;;9998;11;9999;22;;;9993.5;0.0
2;700;TRANSLATOR_VOID_BLUE;10039;11;10038;22;;;10048;11;10049;22;;;10043.5;0.0
2;700;TRANSLATOR_SPACE_GRAY;9996;11;9995;22;;;10005;11;10006;22;;;10000.5;0.0
2;700;TRANSLATOR_ECLIPSE_CHARCOAL;9967;11;9966;22;;;9976;11;9977;22;;;9971.5;0.0
2;700;TRANSLATOR_GRAPHITE_MIST;10006;11;10005;22;;;10015;11;10016;22;;;10010.5;0.0
2;800;TRANSLATOR_VOID_BLUE;10036;8;10035;21;;;10045;8;10046;21;;;10040.5;0.0
2;800;TRANSLATOR_GRAPHITE_MIST;10001;8;10000;21;;;10010;8;10011;21;;;10005.5;0.0
2;800;TRANSLATOR_ASTRO_BLACK;9996;8;9995;21;;;10005;8;10006;21;;;10000.5;0.0
2;800;TRANSLATOR_SPACE_GRAY;10017;8;10016;21;;;10026;8;10027;21;;;10021.5;0.0
2;800;TRANSLATOR_ECLIPSE_CHARCOAL;9978;8;9977;21;;;9987;8;9988;21;;;9982.5;0.0
2;900;TRANSLATOR_GRAPHITE_MIST;10000;11;9999;21;;;10009;11;10010;21;;;10004.5;0.0
2;900;TRANSLATOR_ASTRO_BLACK;10004;11;10003;21;;;10013;11;10014;21;;;10008.5;0.0
2;900;TRANSLATOR_VOID_BLUE;10021;11;10020;21;;;10030;11;10031;21;;;10025.5;0.0
2;900;TRANSLATOR_SPACE_GRAY;10012;11;10011;21;;;10021;11;10022;21;;;10016.5;0.0
2;900;TRANSLATOR_ECLIPSE_CHARCOAL;9995;11;9994;21;;;10004;11;10005;21;;;9999.5;0.0
2;1000;TRANSLATOR_GRAPHITE_MIST;10014;12;10013;21;;;10023;12;10024;21;;;10018.5;0.0
2;1000;TRANSLATOR_VOID_BLUE;10018;12;10017;21;;;10027;12;10028;21;;;10022.5;0.0
2;1000;TRANSLATOR_SPACE_GRAY;10007;12;10006;21;;;10016;12;10017;21;;;10011.5;0.0
2;1000;TRANSLATOR_ECLIPSE_CHARCOAL;9997;12;9996;21;;;10006;12;10007;21;;;10001.5;0.0
2;1000;TRANSLATOR_ASTRO_BLACK;9992;12;9991;21;;;10001;12;10002;21;;;9996.5;0.0
2;1100;TRANSLATOR_ECLIPSE_CHARCOAL;9978;9;9977;20;;;9987;9;9988;20;;;9982.5;0.0
2;1100;TRANSLATOR_GRAPHITE_MIST;10009;9;10008;20;;;10018;9;10019;20;;;10013.5;0.0
2;1100;TRANSLATOR_VOID_BLUE;10023;9;10022;20;;;10032;9;10033;20;;;10027.5;0.0
2;1100;TRANSLATOR_SPACE_GRAY;10000;9;9999;20;;;10009;9;10010;20;;;10004.5;0.0
2;1100;TRANSLATOR_ASTRO_BLACK;9984;9;9983;20;;;9993;9;9994;20;;;9988.5;0.0
2;1200;TRANSLATOR_ECLIPSE_CHARCOAL;9978;15;9977;18;;;9987;15;9988;18;;;9982.5;0.0
2;1200;TRANSLATOR_GRAPHITE_MIST;10011;15;10010;18;;;10020;15;10021;18;;;10015.5;0.0
2;1200;TRANSLATOR_VOID_BLUE;10014;15;10013;18;;;10023;15;10024;18;;;10018.5;0.0
2;1200;TRANSLATOR_SPACE_GRAY;9994;15;9993;18;;;10003;15;10004;18;;;9998.5;0.0
2;1200;TRANSLATOR_ASTRO_BLACK;9985;15;9984;18;;;9994;15;9995;18;;;9989.5;0.0
2;1300;TRANSLATOR_ECLIPSE_CHARCOAL;9976;13;9975;15;;;9985;13;9986;15;;;9980.5;0.0
2;1300;TRANSLATOR_GRAPHITE_MIST;10010;13;10009;15;;;10019;13;10020;15;;;10014.5;0.0
2;1300;TRANSLATOR_VOID_BLUE;10003;13;10002;15;;;10012;13;10013;15;;;10007.5;0.0
2;1300;TRANSLATOR_ASTRO_BLACK;9977;13;9976;15;;;9986;13;9987;15;;;9981.5;0.0
2;1300;TRANSLATOR_SPACE_GRAY;10003;13;10002;15;;;10012;13;10013;15;;;10007.5;0.0
2;1400;TRANSLATOR_ECLIPSE_CHARCOAL;9985;8;9984;22;;;9994;8;9995;22;;;9989.5;0.0
2;1400;TRANSLATOR_VOID_BLUE;10002;8;10001;22;;;10011;8;10012;22;;;10006.5;0.0
2;1400;TRANSLATOR_GRAPHITE_MIST;10014;8;10013;22;;;10023;8;10024;22;;;10018.5;0.0
2;1400;TRANSLATOR_ASTRO_BLACK;9970;8;9969;22;;;9979;8;9980;22;;;9974.5;0.0
2;1400;TRANSLATOR_SPACE_GRAY;10014;8;10013;22;;;10023;8;10024;22;;;10018.5;0.0
2;1500;TRANSLATOR_SPACE_GRAY;10014;8;10013;17;;;10023;8;10024;17;;;10018.5;0.0
2;1500;TRANSLATOR_ECLIPSE_CHARCOAL;9983;8;9982;17;;;9992;8;9993;17;;;9987.5;0.0
2;1500;TRANSLATOR_ASTRO_BLACK;9974;8;9973;17;;;9983;8;9984;17;;;9978.5;0.0
2;1500;TRANSLATOR_GRAPHITE_MIST;10021;8;10020;17;;;10030;8;10031;17;;;10025.5;0.0
2;1500;TRANSLATOR_VOID_BLUE;9995;8;9994;17;;;10004;8;10005;17;;;9999.5;0.0
2;1600;TRANSLATOR_SPACE_GRAY;10003;13;10002;20;;;10012;13;10013;20;;;10007.5;0.0
2;1600;TRANSLATOR_ECLIPSE_CHARCOAL;9980;13;9979;20;;;9989;13;9990;20;;;9984.5;0.0
2;1600;TRANSLATOR_ASTRO_BLACK;9964;13;9963;20;;;9973;13;9974;20;;;9968.5;0.0
2;1600;TRANSLATOR_VOID_BLUE;10008;13;10007;20;;;10017;13;10018;20;;;10012.5;0.0
2;1600;TRANSLATOR_GRAPHITE_MIST;10014;13;10013;20;;;10023;13;10024;20;;;10018.5;0.0
2;1700;TRANSLATOR_VOID_BLUE;9990;14;9989;22;;;9999;14;10000;22;;;9994.5;0.0
2;1700;TRANSLATOR_SPACE_GRAY;10011;14;10010;22;;;10020;14;10021;22;;;10015.5;0.0
2;1700;TRANSLATOR_ASTRO_BLACK;9947;14;9946;22;;;9956;14;9957;22;;;9951.5;0.0
2;1700;TRANSLATOR_ECLIPSE_CHARCOAL;9991;14;9990;22;;;10000;14;10001;22;;;9995.5;0.0
2;1700;TRANSLATOR_GRAPHITE_MIST;10003;14;10002;22;;;10012;14;10013;22;;;10007.5;0.0
2;1800;TRANSLATOR_ASTRO_BLACK;9939;13;9938;22;;;9948;13;9949;22;;;9943.5;0.0
2;1800;TRANSLATOR_VOID_BLUE;9972;13;9971;22;;;9981;13;9982;22;;;9976.5;0.0
2;1800;TRANSLATOR_SPACE_GRAY;10004;13;10003;22;;;10013;13;10014;22;;;10008.5;0.0
2;1800;TRANSLATOR_ECLIPSE_CHARCOAL;9985;13;9984;22;;;9994;13;9995;22;;;9989.5;0.0
2;1800;TRANSLATOR_GRAPHITE_MIST;10000;13;9999;22;;;10009;13;10010;22;;;10004.5;0.0
2;1900;TRANSLATOR_GRAPHITE_MIST;9999;15;9998;17;;;10008;15;10009;17;;;10003.5;0.0
2;1900;TRANSLATOR_VOID_BLUE;9967;15;9966;17;;;9976;15;9977;17;;;9971.5;0.0
2;1900;TRANSLATOR_ASTRO_BLACK;9922;15;9921;17;;;9931;15;9932;17;;;9926.5;0.0
2;1900;TRANSLATOR_SPACE_GRAY;9999;15;9998;17;;;10008;15;10009;17;;;10003.5;0.0
2;1900;TRANSLATOR_ECLIPSE_CHARCOAL;9964;15;9963;17;;;9973;15;9974;17;;;9968.5;0.0
2;2000;TRANSLATOR_GRAPHITE_MIST;10009;10;10008;18;;;10018;10;10019;18;;;10013.5;0.0
2;2000;TRANSLATOR_ASTRO_BLACK;9921;10;9920;18;;;9930;10;9931;18;;;9925.5;0.0
2;2000;TRANSLATOR_VOID_BLUE;9973;10;9972;18;;;9982;10;9983;18;;;9977.5;0.0
2;2000;TRANSLATOR_SPACE_GRAY;9985;10;9984;18;;;9994;10;9995;18;;;9989.5;0.0
2;2000;TRANSLATOR_ECLIPSE_CHARCOAL;9970;10;9969;18;;;9979;10;9980;18;;;9974.5;0.0
2;2100;TRANSLATOR_GRAPHITE_MIST;10012;8;10011;22;;;10021;8;10022;22;;;10016.5;0.0
2;2100;TRANSLATOR_VOID_BLUE;9975;8;9974;22;;;9984;8;9985;22;;;9979.5;0.0
2;2100;TRANSLATOR_SPACE_GRAY;9981;8;9980;22;;;9990;8;9991;22;;;9985.5;0.0
2;2100;TRANSLATOR_ECLIPSE_CHARCOAL;9961;8;9960;22;;;9970;8;9971;22;;;9965.5;0.0
2;2100;TRANSLATOR_ASTRO_BLACK;9909;8;9908;22;;;9918;8;9919;22;;;9913.5;0.0
2;2200;TRANSLATOR_ECLIPSE_CHARCOAL;9972;14;9971;16;;;9981;14;9982;16;;;9976.5;0.0
2;2200;TRANSLATOR_GRAPHITE_MIST;10011;14;10010;16;;;10020;14;10021;16;;;10015.5;0.0
2;2200;TRANSLATOR_VOID_BLUE;9963;14;9962;16;;;9972;14;9973;16;;;9967.5;0.0
2;2200;TRANSLATOR_SPACE_GRAY;9990;14;9989;16;;;9999;14;10000;16;;;9994.5;0.0
2;2200;TRANSLATOR_ASTRO_BLACK;9905;14;9904;16;;;9914;14;9915;16;;;9909.5;0.0
2;2300;TRANSLATOR_ECLIPSE_CHARCOAL;9980;13;9979;16;;;9989;13;9990;16;;;9984.5;0.0
2;2300;TRANSLATOR_GRAPHITE_MIST;10017;13;10016;16;;;10026;13;10027;16;;;10021.5;0.0
2;2300;TRANSLATOR_ASTRO_BLACK;9916;13;9915;16;;;9925;13;9926;16;;;9920.5;0.0
2;2300;TRANSLATOR_VOID_BLUE;9950;13;9949;16;;;9959;13;9960;16;;;9954.5;0.0
2;2300;TRANSLATOR_SPACE_GRAY;9985;13;9984;16;;;9994;13;9995;16;;;9989.5;0.0
2;2400;TRANSLATOR_ECLIPSE_CHARCOAL;9992;13;9991;15;;;10001;13;10002;15;;;9996.5;0.0
2;2400;TRANSLATOR_VOID_BLUE;9927;13;9926;15;;;9936;13;9937;15;;;9931.5;0.0
2;2400;TRANSLATOR_GRAPHITE_MIST;10009;13;10008;15;;;10018;13;10019;15;;;10013.5;0.0
2;2400;TRANSLATOR_ASTRO_BLACK;9910;13;9909;15;;;9919;13;9920;15;;;9914.5;0.0
2;2400;TRANSLATOR_SPACE_GRAY;9973;13;9972;15;;;9982;13;9983;15;;;9977.5;0.0
2;2500;TRANSLATOR_SPACE_GRAY;9965;9;9964;22;;;9974;9;9975;22;;;9969.5;0.0
2;2500;TRANSLATOR_ECLIPSE_CHARCOAL;9985;9;9984;22;;;9994;9;9995;22;;;9989.5;0.0
2;2500;TRANSLATOR_GRAPHITE_MIST;10008;9;10007;22;;;10017;9;10018;22;;;10012.5;0.0
2;2500;TRANSLATOR_ASTRO_BLACK;9910;9;9909;22;;;9919;9;9920;22;;;9914.5;0.0
2;2500;TRANSLATOR_VOID_BLUE;9917;9;9916;22;;;9926;9;9927;22;;;9921.5;0.0
2;2600;TRANSLATOR_SPACE_GRAY;9955;11;9954;22;;;9964;11;9965;22;;;9959.5;0.0
2;2600;TRANSLATOR_ECLIPSE_CHARCOAL;9993;11;9992;22;;;10002;11;10003;22;;;9997.5;0.0
2;2600;TRANSLATOR_ASTRO_BLACK;9905;11;9904;22;;;9914;11;9915;22;;;9909.5;0.0
2;2600;TRANSLATOR_GRAPHITE_MIST;10001;11;10000;22;;;10010;11;10011;22;;;10005.5;0.0
2;2600;TRANSLATOR_VOID_BLUE;9924;11;9923;22;;;9933;11;9934;22;;;9928.5;0.0
2;2700;TRANSLATOR_SPACE_GRAY;9942;7;9941;19;;;9951;7;9952;19;;;9946.5;0.0
2;2700;TRANSLATOR_ASTRO_BLACK;9891;7;9890;19;;;9900;7;9901;19;;;9895.5;0.0
2;2700;TRANSLATOR_ECLIPSE_CHARCOAL;9995;7;9994;19;;;10004;7;10005;19;;;9999.5;0.0
2;2700;TRANSLATOR_GRAPHITE_MIST;9999;7;9998;19;;;10008;7;10009;19;;;10003.5;0.0
2;2700;TRANSLATOR_VOID_BLUE;9918;7;9917;19;;;9927;7;9928;19;;;9922.5;0.0
2;2800;TRANSLATOR_VOID_BLUE;9921;9;9920;15;;;9930;9;9931;15;;;9925.5;0.0
2;2800;TRANSLATOR_SPACE_GRAY;9931;9;9930;15;;;9940;9;9941;15;;;9935.5;0.0
2;2800;TRANSLATOR_ASTRO_BLACK;9878;9;9877;15;;;9887;24;;;;;9882.5;0.0
2;2800;TRANSLATOR_ECLIPSE_CHARCOAL;10002;9;10001;15;;;10011;9;10012;15;;;10006.5;0.0
2;2800;TRANSLATOR_GRAPHITE_MIST;9985;9;9984;15;;;9994;9;9995;15;;;9989.5;0.0
2;2900;TRANSLATOR_VOID_BLUE;9916;7;9915;22;;;9925;29;;;;;9920.5;0.0
2;2900;TRANSLATOR_ASTRO_BLACK;9880;7;9879;22;;;9889;7;9890;22;;;9884.5;0.0
2;2900;TRANSLATOR_SPACE_GRAY;9915;7;9914;22;;;9924;7;9925;22;;;9919.5;0.0
2;2900;TRANSLATOR_ECLIPSE_CHARCOAL;10002;7;10001;22;;;10011;7;10012;22;;;10006.5;0.0
2;2900;TRANSLATOR_GRAPHITE_MIST;9985;7;9984;22;;;9994;7;9995;22;;;9989.5;0.0
2;3000;TRANSLATOR_GRAPHITE_MIST;9999;11;9998;22;;;10008;11;10009;22;;;10003.5;0.0
2;3000;TRANSLATOR_VOID_BLUE;9907;11;9906;22;;;9916;11;9917;22;;;9911.5;0.0
2;3000;TRANSLATOR_ASTRO_BLACK;9873;11;9872;22;;;9882;11;9883;22;;;9877.5;0.0
2;3000;TRANSLATOR_SPACE_GRAY;9913;11;9912;22;;;9922;11;9923;22;;;9917.5;0.0
2;3000;TRANSLATOR_ECLIPSE_CHARCOAL;10011;11;10010;22;;;10020;11;10021;22;;;10015.5;0.0
2;3100;TRANSLATOR_GRAPHITE_MIST;9991;15;9990;20;;;10000;15;10001;20;;;9995.5;0.0
2;3100;TRANSLATOR_VOID_BLUE;9913;15;9912;20;;;9921;15;9922;20;;;9917.0;0.0
2;3100;TRANSLATOR_SPACE_GRAY;9902;15;9901;20;;;9911;15;9912;20;;;9906.5;0.0
2;3100;TRANSLATOR_ASTRO_BLACK;9892;15;9891;20;;;9900;15;9901;20;;;9896.0;0.0
2;3100;TRANSLATOR_ECLIPSE_CHARCOAL;10001;15;10000;20;;;10010;15;10011;20;;;10005.5;0.0
2;3200;TRANSLATOR_VOID_BLUE;9914;8;9913;15;;;9923;8;9924;15;;;9918.5;0.0
2;3200;TRANSLATOR_GRAPHITE_MIST;9989;8;9988;15;;;9998;8;9999;15;;;9993.5;0.0
2;3200;TRANSLATOR_SPACE_GRAY;9907;8;9906;15;;;9916;8;9917;15;;;9911.5;0.0
2;3200;TRANSLATOR_ECLIPSE_CHARCOAL;10011;8;10010;15;;;10020;8;10021;15;;;10015.5;0.0
2;3200;TRANSLATOR_ASTRO_BLACK;9895;8;9894;15;;;9904;8;9905;15;;;9899.5;0.0
2;3300;TRANSLATOR_ECLIPSE_CHARCOAL;9991;11;9990;22;;;10000;11;10001;22;;;9995.5;0.0
2;3300;TRANSLATOR_GRAPHITE_MIST;9984;11;9983;22;;;9993;11;9994;22;;;9988.5;0.0
2;3300;TRANSLATOR_VOID_BLUE;9918;11;9917;22;;;9927;11;9928;22;;;9922.5;0.0
2;3300;TRANSLATOR_SPACE_GRAY;9920;11;9919;22;;;9929;11;9930;22;;;9924.5;0.0
2;3300;TRANSLATOR_ASTRO_BLACK;9901;11;9900;22;;;9910;11;9911;22;;;9905.5;0.0
2;3400;TRANSLATOR_ECLIPSE_CHARCOAL;10000;8;9999;18;;;10009;8;10010;18;;;10004.5;0.0
2;3400;TRANSLATOR_GRAPHITE_MIST;9982;8;9981;18;;;9991;8;9992;18;;;9986.5;0.0
2;3400;TRANSLATOR_ASTRO_BLACK;9916;8;9915;18;;;9925;8;9926;18;;;9920.5;0.0
2;3400;TRANSLATOR_VOID_BLUE;9940;8;9939;18;;;9949;8;9950;18;;;9944.5;0.0
2;3400;TRANSLATOR_SPACE_GRAY;9911;8;9910;18;;;9920;8;9921;18;;;9915.5;0.0
2;3500;TRANSLATOR_ECLIPSE_CHARCOAL;10000;14;9999;21;;;10009;14;10010;21;;;10004.5;0.0
2;3500;TRANSLATOR_VOID_BLUE;9930;14;9929;21;;;9939;14;9940;21;;;9934.5;0.0
2;3500;TRANSLATOR_GRAPHITE_MIST;9985;14;9984;21;;;9994;14;9995;21;;;9989.5;0.0
2;3500;TRANSLATOR_ASTRO_BLACK;9913;14;9912;21;;;9922;14;9923;21;;;9917.5;0.0
2;3500;TRANSLATOR_SPACE_GRAY;9917;14;9916;21;;;9926;14;9927;21;;;9921.5;0.0
2;3600;TRANSLATOR_SPACE_GRAY;9923;14;9922;16;;;9932;14;9933;16;;;9927.5;0.0
2;3600;TRANSLATOR_ECLIPSE_CHARCOAL;9982;14;9981;16;;;9991;14;9992;16;;;9986.5;0.0
2;3600;TRANSLATOR_GRAPHITE_MIST;9983;14;9982;16;;;9991;14;9992;16;;;9987.0;0.0
2;3600;TRANSLATOR_ASTRO_BLACK;9912;14;9911;16;;;9921;14;9922;16;;;9916.5;0.0
2;3600;TRANSLATOR_VOID_BLUE;9931;14;9930;16;;;9940;14;9941;16;;;9935.5;0.0
2;3700;TRANSLATOR_SPACE_GRAY;9924;13;9923;18;;;9933;13;9934;18;;;9928.5;0.0
2;3700;TRANSLATOR_ASTRO_BLACK;9926;13;9925;18;;;9935;13;9936;18;;;9930.5;0.0
2;3700;TRANSLATOR_ECLIPSE_CHARCOAL;9979;13;9978;18;;;9988;13;9989;18;;;9983.5;0.0
2;3700;TRANSLATOR_GRAPHITE_MIST;9978;13;9977;18;;;9987;13;9988;18;;;9982.5;0.0
2;3700;TRANSLATOR_VOID_BLUE;9912;13;9911;18;;;9921;13;9922;18;;;9916.5;0.0
2;3800;TRANSLATOR_SPACE_GRAY;9911;8;9910;15;;;9920;8;9921;15;;;9915.5;0.0
2;3800;TRANSLATOR_ASTRO_BLACK;9945;8;9944;15;;;9954;8;9955;15;;;9949.5;0.0
2;3800;TRANSLATOR_ECLIPSE_CHARCOAL;9982;8;9981;15;;;9991;8;9992;15;;;9986.5;0.0
2;3800;TRANSLATOR_GRAPHITE_MIST;9963;8;9962;15;;;9972;8;9973;15;;;9967.5;0.0
2;3800;TRANSLATOR_VOID_BLUE;9908;8;9907;15;;;9917;8;9918;15;;;9912.5;0.0
2;3900;TRANSLATOR_ASTRO_BLACK;9937;15;9936;15;;;9946;15;9947;15;;;9941.5;0.0
2;3900;TRANSLATOR_VOID_BLUE;9914;15;9913;15;;;9923;15;9924;15;;;9918.5;0.0
2;3900;TRANSLATOR_SPACE_GRAY;9915;15;9914;15;;;9924;15;9925;15;;;9919.5;0.0
2;3900;TRANSLATOR_ECLIPSE_CHARCOAL;9979;15;9978;15;;;9988;15;9989;15;;;9983.5;0.0
2;3900;TRANSLATOR_GRAPHITE_MIST;9944;15;9943;15;;;9953;15;9954;15;;;9948.5;0.0
2;4000;TRANSLATOR_VOID_BLUE;9914;14;9913;22;;;9923;14;9924;22;;;9918.5;0.0
2;4000;TRANSLATOR_GRAPHITE_MIST;9957;14;9956;22;;;9966;14;9967;22;;;9961.5;0.0
2;4000;TRANSLATOR_ASTRO_BLACK;9931;14;9930;22;;;9940;14;9941;22;;;9935.5;0.0
2;4000;TRANSLATOR_SPACE_GRAY;9920;14;9919;22;;;9929;14;9930;22;;;9924.5;0.0
2;4000;TRANSLATOR_ECLIPSE_CHARCOAL;9982;14;9981;22;;;9991;14;9992;22;;;9986.5;0.0
2;4100;TRANSLATOR_GRAPHITE_MIST;9950;12;9949;20;;;9959;12;9960;20;;;9954.5;0.0
2;4100;TRANSLATOR_ASTRO_BLACK;9930;12;9929;20;;;9939;12;9940;20;;;9934.5;0.0
2;4100;TRANSLATOR_VOID_BLUE;9905;12;9904;20;;;9914;12;9915;20;;;9909.5;0.0
2;4100;TRANSLATOR_SPACE_GRAY;9921;12;9920;20;;;9930;12;9931;20;;;9925.5;0.0
2;4100;TRANSLATOR_ECLIPSE_CHARCOAL;9971;12;9970;20;;;9980;12;9981;20;;;9975.5;0.0
2;4200;TRANSLATOR_GRAPHITE_MIST;9950;11;9949;17;;;9959;11;9960;17;;;9954.5;0.0
2;4200;TRANSLATOR_VOID_BLUE;9893;11;9892;17;;;9902;11;9903;17;;;9897.5;0.0
2;4200;TRANSLATOR_SPACE_GRAY;9919;11;9918;17;;;9928;11;9929;17;;;9923.5;0.0
2;4200;TRANSLATOR_ECLIPSE_CHARCOAL;9970;11;9969;17;;;9979;11;9980;17;;;9974.5;0.0
2;4200;TRANSLATOR_ASTRO_BLACK;9923;11;9922;17;;;9932;11;9933;17;;;9927.5;0.0
2;4300;TRANSLATOR_ECLIPSE_CHARCOAL;9972;9;9971;19;;;9981;9;9982;19;;;9976.5;0.0
2;4300;TRANSLATOR_GRAPHITE_MIST;9938;9;9937;19;;;9947;9;9948;19;;;9942.5;0.0
2;4300;TRANSLATOR_VOID_BLUE;9884;9;9883;19;;;9893;9;9894;19;;;9888.5;0.0
2;4300;TRANSLATOR_SPACE_GRAY;9919;9;9918;19;;;9928;9;9929;19;;;9923.5;0.0
2;4300;TRANSLATOR_ASTRO_BLACK;9931;9;9930;19;;;9940;9;9941;19;;;9935.5;0.0
2;4400;TRANSLATOR_ECLIPSE_CHARCOAL;9975;15;9974;20;;;9984;15;9985;20;;;9979.5;0.0
2;4400;TRANSLATOR_GRAPHITE_MIST;9935;15;9934;20;;;9944;15;9945;20;;;9939.5;0.0
2;4400;TRANSLATOR_VOID_BLUE;9879;15;9878;20;;;9888;15;9889;20;;;9883.5;0.0
2;4400;TRANSLATOR_SPACE_GRAY;9919;15;9918;20;;;9928;15;9929;20;;;9923.5;0.0
2;4400;TRANSLATOR_ASTRO_BLACK;9934;15;9933;20;;;9943;15;9944;20;;;9938.5;0.0
2;4500;TRANSLATOR_ECLIPSE_CHARCOAL;9973;9;9972;17;;;9982;9;9983;17;;;9977.5;0.0
2;4500;TRANSLATOR_GRAPHITE_MIST;9936;9;9935;17;;;9945;9;9946;17;;;9940.5;0.0
2;4500;TRANSLATOR_VOID_BLUE;9892;9;9891;17;;;9901;9;9902;17;;;9896.5;0.0
2;4500;TRANSLATOR_ASTRO_BLACK;9939;9;9938;17;;;9948;9;9949;17;;;9943.5;0.0
2;4500;TRANSLATOR_SPACE_GRAY;9904;9;9903;17;;;9913;9;9914;17;;;9908.5;0.0
2;4600;TRANSLATOR_ECLIPSE_CHARCOAL;9962;8;9961;22;;;9971;8;9972;22;;;9966.5;0.0
2;4600;TRANSLATOR_GRAPHITE_MIST;9946;8;9945;22;;;9955;8;9956;22;;;9950.5;0.0
2;4600;TRANSLATOR_VOID_BLUE;9908;8;9907;22;;;9916;8;9917;22;;;9912.0;0.0
2;4600;TRANSLATOR_ASTRO_BLACK;9925;8;9924;22;;;9934;8;9935;22;;;9929.5;0.0
2;4600;TRANSLATOR_SPACE_GRAY;9897;8;9896;22;;;9906;8;9907;22;;;9901.5;0.0
2;4700;TRANSLATOR_SPACE_GRAY;9892;15;9891;17;;;9901;32;;;;;9896.5;0.0
2;4700;TRANSLATOR_ECLIPSE_CHARCOAL;9969;15;9968;17;;;9978;15;9979;17;;;9973.5;0.0
2;4700;TRANSLATOR_ASTRO_BLACK;9916;15;9915;17;;;9925;15;9926;17;;;9920.5;0.0
2;4700;TRANSLATOR_GRAPHITE_MIST;9941;15;9940;17;;;9950;15;9951;17;;;9945.5;0.0
2;4700;TRANSLATOR_VOID_BLUE;9907;15;9906;17;;;9916;15;9917;17;;;9911.5;0.0
2;4800;TRANSLATOR_SPACE_GRAY;9889;10;9888;19;;;9897;10;9898;19;;;9893.0;0.0
2;4800;TRANSLATOR_ECLIPSE_CHARCOAL;9961;10;9960;19;;;9970;10;9971;19;;;9965.5;0.0
2;4800;TRANSLATOR_ASTRO_BLACK;9910;10;9909;19;;;9919;10;9920;19;;;9914.5;0.0
2;4800;TRANSLATOR_VOID_BLUE;9907;10;9906;19;;;9916;10;9917;19;;;9911.5;0.0
2;4800;TRANSLATOR_GRAPHITE_MIST;9939;10;9938;19;;;9948;10;9949;19;;;9943.5;0.0
2;4900;TRANSLATOR_VOID_BLUE;9897;8;9896;22;;;9906;8;9907;22;;;9901.5;0.0
2;4900;TRANSLATOR_SPACE_GRAY;9888;8;9887;22;;;9897;8;9898;22;;;9892.5;0.0
2;4900;TRANSLATOR_ASTRO_BLACK;9930;8;9929;22;;;9939;8;9940;22;;;9934.5;0.0
2;4900;TRANSLATOR_ECLIPSE_CHARCOAL;9967;8;9966;22;;;9976;8;9977;22;;;9971.5;0.0
2;4900;TRANSLATOR_GRAPHITE_MIST;9940;8;9939;22;;;9949;8;9950;22;;;9944.5;0.0
2;5000;TRANSLATOR_ASTRO_BLACK;9935;11;9934;16;;;9944;11;9945;16;;;9939.5;0.0
2;5000;TRANSLATOR_VOID_BLUE;9904;11;9903;16;;;9913;11;9914;16;;;9908.5;0.0
2;5000;TRANSLATOR_SPACE_GRAY;9903;11;9902;16;;;9912;11;9913;16;;;9907.5;0.0
2;5000;TRANSLATOR_ECLIPSE_CHARCOAL;9967;11;9966;16;;;9976;11;9977;16;;;9971.5;0.0
2;5000;TRANSLATOR_GRAPHITE_MIST;9940;11;9939;16;;;9949;11;9950;16;;;9944.5;0.0
2;5100;TRANSLATOR_VOID_BLUE;9898;10;9897;16;;;9907;10;9908;16;;;9902.5;0.0
2;5100;TRANSLATOR_GRAPHITE_MIST;9937;10;9936;16;;;9946;10;9947;16;;;9941.5;0.0
2;5100;TRANSLATOR_ASTRO_BLACK;9929;10;9928;16;;;9938;10;9939;16;;;9933.5;0.0
2;5100;TRANSLATOR_SPACE_GRAY;9896;10;9895;16;;;9905;10;9906;16;;;9900.5;0.0
2;5100;TRANSLATOR_ECLIPSE_CHARCOAL;9970;10;9969;16;;;9979;10;9980;16;;;9974.5;0.0
2;5200;TRANSLATOR_ASTRO_BLACK;9928;14;9927;20;;;9937;14;9938;20;;;9932.5;0.0
2;5200;TRANSLATOR_GRAPHITE_MIST;9925;14;9924;20;;;9934;14;9935;20;;;9929.5;0.0
2;5200;TRANSLATOR_VOID_BLUE;9901;14;9900;20;;;9910;14;9911;20;;;9905.5;0.0
2;5200;TRANSLATOR_SPACE_GRAY;9899;14;9898;20;;;9908;14;9909;20;;;9903.5;0.0
2;5200;TRANSLATOR_ECLIPSE_CHARCOAL;9978;14;9977;20;;;9987;14;9988;20;;;9982.5;0.0
2;5300;TRANSLATOR_GRAPHITE_MIST;9901;7;9900;20;;;9910;7;9911;20;;;9905.5;0.0
2;5300;TRANSLATOR_VOID_BLUE;9903;7;9902;20;;;9912;7;9913;20;;;9907.5;0.0
2;5300;TRANSLATOR_SPACE_GRAY;9891;7;9890;20;;;9900;7;9901;20;;;9895.5;0.0
2;5300;TRANSLATOR_ECLIPSE_CHARCOAL;9983;7;9982;20;;;9992;7;9993;20;;;9987.5;0.0
2;5300;TRANSLATOR_ASTRO_BLACK;9926;7;9925;20;;;9934;7;9935;20;;;9930.0;0.0
2;5400;TRANSLATOR_ECLIPSE_CHARCOAL;9991;12;9990;16;;;10000;12;10001;16;;;9995.5;0.0
2;5400;TRANSLATOR_GRAPHITE_MIST;9909;12;9908;16;;;9918;12;9919;16;;;9913.5;0.0
2;5400;TRANSLATOR_VOID_BLUE;9914;12;9913;16;;;9923;12;9924;16;;;9918.5;0.0
2;5400;TRANSLATOR_SPACE_GRAY;9896;12;9895;16;;;9905;12;9906;16;;;9900.5;0.0
2;5400;TRANSLATOR_ASTRO_BLACK;9945;12;9944;16;;;9954;12;9955;16;;;9949.5;0.0
2;5500;TRANSLATOR_ECLIPSE_CHARCOAL;10006;13;10005;22;;;10015;13;10016;22;;;10010.5;0.0
2;5500;TRANSLATOR_GRAPHITE_MIST;9901;13;9900;22;;;9910;13;9911;22;;;9905.5;0.0
2;5500;TRANSLATOR_ASTRO_BLACK;9955;13;9954;22;;;9964;13;9965;22;;;9959.5;0.0
2;5500;TRANSLATOR_VOID_BLUE;9917;13;9916;22;;;9926;13;9927;22;;;9921.5;0.0
2;5500;TRANSLATOR_SPACE_GRAY;9900;13;9899;22;;;9909;13;9910;22;;;9904.5;0.0
2;5600;TRANSLATOR_ECLIPSE_CHARCOAL;10011;11;10010;18;;;10020;11;10021;18;;;10015.5;0.0
2;5600;TRANSLATOR_VOID_BLUE;9929;11;9928;18;;;9938;29;;;;;9933.5;0.0
2;5600;TRANSLATOR_ASTRO_BLACK;9953;11;9952;18;;;9962;11;9963;18;;;9957.5;0.0
2;5600;TRANSLATOR_GRAPHITE_MIST;9896;11;9895;18;;;9905;11;9906;18;;;9900.5;0.0
2;5600;TRANSLATOR_SPACE_GRAY;9894;11;9893;18;;;9903;11;9904;18;;;9898.5;0.0
2;5700;TRANSLATOR_SPACE_GRAY;9905;8;9904;18;;;9914;8;9915;18;;;9909.5;0.0
2;5700;TRANSLATOR_ECLIPSE_CHARCOAL;10022;8;10021;18;;;10031;8;10032;18;;;10026.5;0.0
2;5700;TRANSLATOR_GRAPHITE_MIST;9881;8;9880;18;;;9890;8;9891;18;;;9885.5;0.0
2;5700;TRANSLATOR_ASTRO_BLACK;9956;8;9955;18;;;9965;8;9966;18;;;9960.5;0.0
2;5700;TRANSLATOR_VOID_BLUE;9933;8;9932;18;;;9942;8;9943;18;;;9937.5;0.0
2;5800;TRANSLATOR_SPACE_GRAY;9891;13;9890;16;;;9900;13;9901;16;;;9895.5;0.0
2;5800;TRANSLATOR_ECLIPSE_CHARCOAL;10025;13;10024;16;;;10034;13;10035;16;;;10029.5;0.0
2;5800;TRANSLATOR_ASTRO_BLACK;9956;13;9955;16;;;9965;13;9966;16;;;9960.5;0.0
2;5800;TRANSLATOR_GRAPHITE_MIST;9881;13;9880;16;;;9890;13;9891;16;;;9885.5;0.0
2;5800;TRANSLATOR_VOID_BLUE;9913;13;9912;16;;;9922;13;9923;16;;;9917.5;0.0
2;5900;TRANSLATOR_SPACE_GRAY;9877;9;9876;18;;;9886;9;9887;18;;;9881.5;0.0
2;5900;TRANSLATOR_ASTRO_BLACK;9959;9;9958;18;;;9968;9;9969;18;;;9963.5;0.0
2;5900;TRANSLATOR_ECLIPSE_CHARCOAL;10027;9;10026;18;;;10036;9;10037;18;;;10031.5;0.0
2;5900;TRANSLATOR_GRAPHITE_MIST;9869;9;9868;18;;;9878;9;9879;18;;;9873.5;0.0
2;5900;TRANSLATOR_VOID_BLUE;9933;9;9932;18;;;9942;9;9943;18;;;9937.5;0.0
2;6000;TRANSLATOR_VOID_BLUE;9945;15;9944;20;;;9954;15;9955;20;;;9949.5;0.0
2;6000;TRANSLATOR_SPACE_GRAY;9881;15;9880;20;;;9890;15;9891;20;;;9885.5;0.0
2;6000;TRANSLATOR_ASTRO_BLACK;9963;15;9962;20;;;9972;15;9973;20;;;9967.5;0.0
2;6000;TRANSLATOR_ECLIPSE_CHARCOAL;10020;15;10019;20;;;10029;15;10030;20;;;10024.5;0.0
2;6000;TRANSLATOR_GRAPHITE_MIST;9889;15;9888;20;;;9898;35;;;;;9893.5;0.0
2;6100;TRANSLATOR_VOID_BLUE;9943;12;9942;19;;;9952;12;9953;19;;;9947.5;0.0
2;6100;TRANSLATOR_ASTRO_BLACK;9970;12;9969;19;;;9979;12;9980;19;;;9974.5;0.0
2;6100;TRANSLATOR_SPACE_GRAY;9881;12;9880;19;;;9890;12;9891;19;;;9885.5;0.0
2;6100;TRANSLATOR_ECLIPSE_CHARCOAL;10030;12;10029;19;;;10039;12;10040;19;;;10034.5;0.0
2;6100;TRANSLATOR_GRAPHITE_MIST;9894;12;9893;19;;;9903;12;9904;19;;;9898.5;0.0
2;6200;TRANSLATOR_GRAPHITE_MIST;9915;14;9914;15;;;9924;14;9925;15;;;9919.5;0.0
2;6200;TRANSLATOR_VOID_BLUE;9959;14;9958;15;;;9968;14;9969;15;;;9963.5;0.0
2;6200;TRANSLATOR_ASTRO_BLACK;9979;14;9978;15;;;9988;14;9989;15;;;9983.5;0.0
2;6200;TRANSLATOR_SPACE_GRAY;9886;14;9885;15;;;9895;14;9896;15;;;9890.5;0.0
2;6200;TRANSLATOR_ECLIPSE_CHARCOAL;10037;14;10036;15;;;10046;14;10047;15;;;10041.5;0.0
2;6300;TRANSLATOR_GRAPHITE_MIST;9907;13;9906;22;;;9916;13;9917;22;;;9911.5;0.0
2;6300;TRANSLATOR_VOID_BLUE;9966;13;9965;22;;;9975;13;9976;22;;;9970.5;0.0
2;6300;TRANSLATOR_SPACE_GRAY;9889;13;9888;22;;;9898;13;9899;22;;;9893.5;0.0
2;6300;TRANSLATOR_ECLIPSE_CHARCOAL;10037;13;10036;22;;;10046;13;10047;22;;;10041.5;0.0
2;6300;TRANSLATOR_ASTRO_BLACK;9972;13;9971;22;;;9981;13;9982;22;;;9976.5;0.0
2;6400;TRANSLATOR_GRAPHITE_MIST;9914;7;9913;18;;;9923;7;9924;18;;;9918.5;0.0
2;6400;TRANSLATOR_VOID_BLUE;9968;7;9967;18;;;9977;7;9978;18;;;9972.5;0.0
2;6400;TRANSLATOR_SPACE_GRAY;9910;7;9909;18;;;9919;7;9920;18;;;9914.5;0.0
2;6400;TRANSLATOR_ECLIPSE_CHARCOAL;10044;7;10043;18;;;10053;7;10054;18;;;10048.5;0.0
2;6400;TRANSLATOR_ASTRO_BLACK;9990;7;9989;18;;;9999;7;10000;18;;;9994.5;0.0
2;6500;TRANSLATOR_ECLIPSE_CHARCOAL;10036;7;10035;17;;;10045;7;10046;17;;;10040.5;0.0
2;6500;TRANSLATOR_GRAPHITE_MIST;9908;7;9907;17;;;9917;7;9918;17;;;9912.5;0.0
2;6500;TRANSLATOR_VOID_BLUE;9979;7;9978;17;;;9988;7;9989;17;;;9983.5;0.0
2;6500;TRANSLATOR_SPACE_GRAY;9915;7;9914;17;;;9924;7;9925;17;;;9919.5;0.0
2;6500;TRANSLATOR_ASTRO_BLACK;10010;7;10009;17;;;10019;7;10020;17;;;10014.5;0.0
2;6600;TRANSLATOR_ECLIPSE_CHARCOAL;10044;12;10043;19;;;10053;12;10054;19;;;10048.5;0.0
2;6600;TRANSLATOR_GRAPHITE_MIST;9904;12;9903;19;;;9913;12;9914;19;;;9908.5;0.0
2;6600;TRANSLATOR_ASTRO_BLACK;10008;12;10007;19;;;10017;12;10018;19;;;10012.5;0.0
2;6600;TRANSLATOR_VOID_BLUE;9986;12;9985;19;;;9995;12;9996;19;;;9990.5;0.0
2;6600;TRANSLATOR_SPACE_GRAY;9922;12;9921;19;;;9931;12;9932;19;;;9926.5;0.0
2;6700;TRANSLATOR_ECLIPSE_CHARCOAL;10060;15;10059;17;;;10069;15;10070;17;;;10064.5;0.0
2;6700;TRANSLATOR_VOID_BLUE;9985;15;9984;17;;;9994;15;9995;17;;;9989.5;0.0
2;6700;TRANSLATOR_GRAPHITE_MIST;9887;15;9886;17;;;9896;15;9897;17;;;9891.5;0.0
2;6700;TRANSLATOR_ASTRO_BLACK;10013;15;10012;17;;;10022;15;10023;17;;;10017.5;0.0
2;6700;TRANSLATOR_SPACE_GRAY;9924;15;9923;17;;;9933;32;;;;;9928.5;0.0
2;6800;TRANSLATOR_SPACE_GRAY;9913;10;9912;21;;;9922;10;9923;21;;;9917.5;0.0
2;6800;TRANSLATOR_ECLIPSE_CHARCOAL;10070;10;10069;21;;;10079;10;10080;21;;;10074.5;0.0
2;6800;TRANSLATOR_ASTRO_BLACK;10030;10;10029;21;;;10039;10;10040;21;;;10034.5;0.0
2;6800;TRANSLATOR_GRAPHITE_MIST;9883;10;9882;21;;;9892;10;9893;21;;;9887.5;0.0
2;6800;TRANSLATOR_VOID_BLUE;9996;10;9995;21;;;10005;10;10006;21;;;10000.5;0.0
2;6900;TRANSLATOR_SPACE_GRAY;9913;12;9912;17;;;9922;12;9923;17;;;9917.5;0.0
2;6900;TRANSLATOR_ECLIPSE_CHARCOAL;10042;12;10041;17;;;10051;12;10052;17;;;10046.5;0.0
2;6900;TRANSLATOR_ASTRO_BLACK;10031;12;10030;17;;;10040;12;10041;17;;;10035.5;0.0
2;6900;TRANSLATOR_GRAPHITE_MIST;9904;12;9903;17;;;9913;12;9914;17;;;9908.5;0.0
2;6900;TRANSLATOR_VOID_BLUE;9999;12;9998;17;;;10008;12;10009;17;;;10003.5;0.0
2;7000;TRANSLATOR_SPACE_GRAY;9904;13;9903;18;;;9913;13;9914;18;;;9908.5;0.0
2;7000;TRANSLATOR_ASTRO_BLACK;10050;13;10049;18;;;10059;13;10060;18;;;10054.5;0.0
2;7000;TRANSLATOR_ECLIPSE_CHARCOAL;10030;13;10029;18;;;10039;13;10040;18;;;10034.5;0.0
2;7000;TRANSLATOR_GRAPHITE_MIST;9903;13;9902;18;;;9912;13;9913;18;;;9907.5;0.0
2;7000;TRANSLATOR_VOID_BLUE;10025;13;10024;18;;;10034;13;10035;18;;;10029.5;0.0
2;7100;TRANSLATOR_ASTRO_BLACK;10053;14;10052;20;;;10062;14;10063;20;;;10057.5;0.0
2;7100;TRANSLATOR_VOID_BLUE;10003;14;10002;20;;;10012;14;10013;20;;;10007.5;0.0
2;7100;TRANSLATOR_SPACE_GRAY;9906;14;9905;20;;;9915;14;9916;20;;;9910.5;0.0
2;7100;TRANSLATOR_ECLIPSE_CHARCOAL;10028;14;10027;20;;;10037;14;10038;20;;;10032.5;0.0
2;7100;TRANSLATOR_GRAPHITE_MIST;9890;14;9889;20;;;9899;14;9900;20;;;9894.5;0.0
2;7200;TRANSLATOR_ASTRO_BLACK;10054;10;10053;21;;;10063;10;10064;21;;;10058.5;0.0
2;7200;TRANSLATOR_GRAPHITE_MIST;9882;10;9881;21;;;9891;10;9892;21;;;9886.5;0.0
2;7200;TRANSLATOR_VOID_BLUE;9997;10;9996;21;;;10006;10;10007;21;;;10001.5;0.0
2;7200;TRANSLATOR_SPACE_GRAY;9897;10;9896;21;;;9906;10;9907;21;;;9901.5;0.0
2;7200;TRANSLATOR_ECLIPSE_CHARCOAL;10024;10;10023;21;;;10033;10;10034;21;;;10028.5;0.0
2;7300;TRANSLATOR_GRAPHITE_MIST;9873;9;9872;15;;;9881;9;9882;15;;;9877.0;0.0
2;7300;TRANSLATOR_ASTRO_BLACK;10057;9;10056;15;;;10066;9;10067;15;;;10061.5;0.0
2;7300;TRANSLATOR_VOID_BLUE;9998;9;9997;15;;;10007;9;10008;15;;;10002.5;0.0
2;7300;TRANSLATOR_SPACE_GRAY;9904;9;9903;15;;;9913;9;9914;15;;;9908.5;0.0
2;7300;TRANSLATOR_ECLIPSE_CHARCOAL;10024;9;10023;15;;;10033;9;10034;15;;;10028.5;0.0
2;7400;TRANSLATOR_GRAPHITE_MIST;9883;14;9882;18;;;9892;14;9893;18;;;9887.5;0.0
2;7400;TRANSLATOR_VOID_BLUE;9987;14;9986;18;;;9996;14;9997;18;;;9991.5;0.0
2;7400;TRANSLATOR_SPACE_GRAY;9916;14;9915;18;;;9925;14;9926;18;;;9920.5;0.0
2;7400;TRANSLATOR_ASTRO_BLACK;10064;14;10063;18;;;10073;14;10074;18;;;10068.5;0.0
2;7400;TRANSLATOR_ECLIPSE_CHARCOAL;10026;14;10025;18;;;10035;14;10036;18;;;10030.5;0.0
2;7500;TRANSLATOR_ECLIPSE_CHARCOAL;10040;12;10039;20;;;10049;12;10050;20;;;10044.5;0.0
2;7500;TRANSLATOR_VOID_BLUE;9988;12;9987;20;;;9997;12;9998;20;;;9992.5;0.0
2;7500;TRANSLATOR_GRAPHITE_MIST;9906;12;9905;20;;;9915;12;9916;20;;;9910.5;0.0
2;7500;TRANSLATOR_SPACE_GRAY;9910;12;9909;20;;;9919;12;9920;20;;;9914.5;0.0
2;7500;TRANSLATOR_ASTRO_BLACK;10065;12;10064;20;;;10074;12;10075;20;;;10069.5;0.0
2;7600;TRANSLATOR_ECLIPSE_CHARCOAL;10035;9;10034;22;;;10044;9;10045;22;;;10039.5;0.0
2;7600;TRANSLATOR_GRAPHITE_MIST;9897;9;9896;22;;;9906;9;9907;22;;;9901.5;0.0
2;7600;TRANSLATOR_VOID_BLUE;9980;9;9979;22;;;9989;9;9990;22;;;9984.5;0.0
2;7600;TRANSLATOR_SPACE_GRAY;9916;9;9915;22;;;9925;9;9926;22;;;9920.5;0.0
2;7600;TRANSLATOR_ASTRO_BLACK;10079;9;10078;22;;;10088;9;10089;22;;;10083.5;0.0
2;7700;TRANSLATOR_ECLIPSE_CHARCOAL;10014;14;10013;20;;;10024;14;10025;20;;;10019.0;0.0
2;7700;TRANSLATOR_GRAPHITE_MIST;9890;14;9889;20;;;9899;14;9900;20;;;9894.5;0.0
2;7700;TRANSLATOR_VOID_BLUE;9999;14;9998;20;;;10008;14;10009;20;;;10003.5;0.0
2;7700;TRANSLATOR_ASTRO_BLACK;10083;14;10082;20;;;10092;14;10093;20;;;10087.5;0.0
2;7700;TRANSLATOR_SPACE_GRAY;9920;14;9919;20;;;9929;14;9930;20;;;9924.5;0.0
2;7800;TRANSLATOR_ECLIPSE_CHARCOAL;10008;11;10007;19;;;10017;11;10018;19;;;10012.5;0.0
2;7800;TRANSLATOR_VOID_BLUE;10000;11;9999;19;;;10009;11;10010;19;;;10004.5;0.0
2;7800;TRANSLATOR_GRAPHITE_MIST;9880;11;9879;19;;;9889;11;9890;19;;;9884.5;0.0
2;7800;TRANSLATOR_ASTRO_BLACK;10075;11;10074;19;;;10084;11;10085;19;;;10079.5;0.0
2;7800;TRANSLATOR_SPACE_GRAY;9915;11;9914;19;;;9924;11;9925;19;;;9919.5;0.0
2;7900;TRANSLATOR_SPACE_GRAY;9906;11;9905;16;;;9915;11;9916;16;;;9910.5;0.0
2;7900;TRANSLATOR_ASTRO_BLACK;10072;11;10071;16;;;10081;11;10082;16;;;10076.5;0.0
2;7900;TRANSLATOR_ECLIPSE_CHARCOAL;10020;11;10019;16;;;10029;11;10030;16;;;10024.5;0.0
2;7900;TRANSLATOR_GRAPHITE_MIST;9891;11;9890;16;;;9900;11;9901;16;;;9895.5;0.0
2;7900;TRANSLATOR_VOID_BLUE;9998;11;9997;16;;;10007;11;10008;16;;;10002.5;0.0
2;8000;TRANSLATOR_SPACE_GRAY;9904;10;9903;19;;;9913;29;;;;;9908.5;0.0
2;8000;TRANSLATOR_ECLIPSE_CHARCOAL;10011;10;10010;19;;;10020;10;10021;19;;;10015.5;0.0
2;8000;TRANSLATOR_ASTRO_BLACK;10082;10;10081;19;;;10091;10;10092;19;;;10086.5;0.0
2;8000;TRANSLATOR_VOID_BLUE;10000;10;9999;19;;;10009;10;10010;19;;;10004.5;0.0
2;8000;TRANSLATOR_GRAPHITE_MIST;9878;10;9877;19;;;9887;10;9888;19;;;9882.5;0.0
2;8100;TRANSLATOR_VOID_BLUE;9995;10;9994;21;;;10004;10;10005;21;;;9999.5;0.0
2;8100;TRANSLATOR_SPACE_GRAY;9888;10;9887;21;;;9897;10;9898;21;;;9892.5;0.0
2;8100;TRANSLATOR_ASTRO_BLACK;10079;10;10078;21;;;10088;10;10089;21;;;10083.5;0.0
2;8100;TRANSLATOR_ECLIPSE_CHARCOAL;10041;10;10040;21;;;10050;10;10051;21;;;10045.5;0.0
2;8100;TRANSLATOR_GRAPHITE_MIST;9872;10;9871;21;;;9881;10;9882;21;;;9876.5;0.0
2;8200;TRANSLATOR_ASTRO_BLACK;10075;12;10074;18;;;10084;12;10085;18;;;10079.5;0.0
2;8200;TRANSLATOR_VOID_BLUE;10007;12;10006;18;;;10016;12;10017;18;;;10011.5;0.0
2;8200;TRANSLATOR_SPACE_GRAY;9903;12;9902;18;;;9912;12;9913;18;;;9907.5;0.0
2;8200;TRANSLATOR_ECLIPSE_CHARCOAL;10030;12;10029;18;;;10039;12;10040;18;;;10034.5;0.0
2;8200;TRANSLATOR_GRAPHITE_MIST;9881;12;9880;18;;;9890;12;9891;18;;;9885.5;0.0
2;8300;TRANSLATOR_VOID_BLUE;9984;11;9983;19;;;9993;11;9994;19;;;9988.5;0.0
2;8300;TRANSLATOR_GRAPHITE_MIST;9867;11;9866;19;;;9876;11;9877;19;;;9871.5;0.0
2;8300;TRANSLATOR_ASTRO_BLACK;10080;11;10079;19;;;10089;11;10090;19;;;10084.5;0.0
2;8300;TRANSLATOR_SPACE_GRAY;9910;11;9909;19;;;9919;11;9920;19;;;9914.5;0.0
2;8300;TRANSLATOR_ECLIPSE_CHARCOAL;10025;11;10024;19;;;10034;11;10035;19;;;10029.5;0.0
2;8400;TRANSLATOR_ASTRO_BLACK;10069;14;10068;22;;;10079;14;10080;22;;;10074.0;0.0
2;8400;TRANSLATOR_GRAPHITE_MIST;9877;14;9876;22;;;9886;14;9887;22;;;9881.5;0.0
2;8400;TRANSLATOR_VOID_BLUE;9981;14;9980;22;;;9990;14;9991;22;;;9985.5;0.0
2;8400;TRANSLATOR_SPACE_GRAY;9903;14;9902;22;;;9912;14;9913;22;;;9907.5;0.0
2;8400;TRANSLATOR_ECLIPSE_CHARCOAL;10032;14;10031;22;;;10041;14;10042;22;;;10036.5;0.0
2;8500;TRANSLATOR_GRAPHITE_MIST;9870;7;9869;22;;;9879;7;9880;22;;;9874.5;0.0
2;8500;TRANSLATOR_VOID_BLUE;9986;7;9985;22;;;9995;7;9996;22;;;9990.5;0.0
2;8500;TRANSLATOR_SPACE_GRAY;9905;7;9904;22;;;9914;7;9915;22;;;9909.5;0.0
2;8500;TRANSLATOR_ECLIPSE_CHARCOAL;10047;7;10046;22;;;10056;7;10057;22;;;10051.5;0.0
2;8500;TRANSLATOR_ASTRO_BLACK;10074;7;10073;22;;;10083;7;10084;22;;;10078.5;0.0
2;8600;TRANSLATOR_ECLIPSE_CHARCOAL;10058;13;10057;15;;;10067;13;10068;15;;;10062.5;0.0
2;8600;TRANSLATOR_GRAPHITE_MIST;9885;13;9884;15;;;9894;13;9895;15;;;9889.5;0.0
2;8600;TRANSLATOR_VOID_BLUE;10001;13;10000;15;;;10010;13;10011;15;;;10005.5;0.0
2;8600;TRANSLATOR_SPACE_GRAY;9894;13;9893;15;;;9903;13;9904;15;;;9898.5;0.0
2;8600;TRANSLATOR_ASTRO_BLACK;10094;13;10093;15;;;10103;13;10104;15;;;10098.5;0.0
2;8700;TRANSLATOR_ECLIPSE_CHARCOAL;10036;10;10035;21;;;10045;10;10046;21;;;10040.5;0.0
2;8700;TRANSLATOR_GRAPHITE_MIST;9896;10;9895;21;;;9905;10;9906;21;;;9900.5;0.0
2;8700;TRANSLATOR_ASTRO_BLACK;10106;10;10105;21;;;10115;10;10116;21;;;10110.5;0.0
2;8700;TRANSLATOR_VOID_BLUE;9998;10;9997;21;;;10007;10;10008;21;;;10002.5;0.0
2;8700;TRANSLATOR_SPACE_GRAY;9897;10;9896;21;;;9906;10;9907;21;;;9901.5;0.0
2;8800;TRANSLATOR_ECLIPSE_CHARCOAL;10031;14;10030;15;;;10040;14;10041;15;;;10035.5;0.0
2;8800;TRANSLATOR_ASTRO_BLACK;10100;14;10099;15;;;10109;14;10110;15;;;10104.5;0.0
2;8800;TRANSLATOR_GRAPHITE_MIST;9926;14;9925;15;;;9935;14;9936;15;;;9930.5;0.0
2;8800;TRANSLATOR_VOID_BLUE;9998;14;9997;15;;;10007;14;10008;15;;;10002.5;0.0
2;8800;TRANSLATOR_SPACE_GRAY;9908;14;9907;15;;;9917;14;9918;15;;;9912.5;0.0
2;8900;TRANSLATOR_SPACE_GRAY;9911;10;9910;16;;;9920;10;9921;16;;;9915.5;0.0
2;8900;TRANSLATOR_ECLIPSE_CHARCOAL;10013;10;10012;16;;;10022;10;10023;16;;;10017.5;0.0
2;8900;TRANSLATOR_GRAPHITE_MIST;9936;10;9935;16;;;9945;10;9946;16;;;9940.5;0.0
2;8900;TRANSLATOR_ASTRO_BLACK;10094;10;10093;16;;;10103;10;10104;16;;;10098.5;0.0
2;8900;TRANSLATOR_VOID_BLUE;9993;10;9992;16;;;10002;10;10003;16;;;9997.5;0.0
2;9000;TRANSLATOR_SPACE_GRAY;9918;10;9917;18;;;9927;10;9928;18;;;9922.5;0.0
2;9000;TRANSLATOR_ECLIPSE_CHARCOAL;10012;10;10011;18;;;10021;10;10022;18;;;10016.5;0.0
2;9000;TRANSLATOR_ASTRO_BLACK;10077;10;10076;18;;;10086;10;10087;18;;;10081.5;0.0
2;9000;TRANSLATOR_GRAPHITE_MIST;9934;10;9933;18;;;9943;10;9944;18;;;9938.5;0.0
2;9000;TRANSLATOR_VOID_BLUE;9994;10;9993;18;;;10003;10;10004;18;;;9998.5;0.0
2;9100;TRANSLATOR_SPACE_GRAY;9904;10;9903;22;;;9913;10;9914;22;;;9908.5;0.0
2;9100;TRANSLATOR_ASTRO_BLACK;10095;10;10093;22;;;10104;10;10105;22;;;10099.5;0.0
2;9100;TRANSLATOR_ECLIPSE_CHARCOAL;10015;10;10014;22;;;10024;10;10025;22;;;10019.5;0.0
2;9100;TRANSLATOR_VOID_BLUE;10009;10;10008;22;;;10018;10;10019;22;;;10013.5;0.0
2;9100;TRANSLATOR_GRAPHITE_MIST;9941;10;9940;22;;;9950;10;9951;22;;;9945.5;0.0
2;9200;TRANSLATOR_VOID_BLUE;10011;8;10010;20;;;10020;8;10021;20;;;10015.5;0.0
2;9200;TRANSLATOR_SPACE_GRAY;9923;8;9922;20;;;9932;8;9933;20;;;9927.5;0.0
2;9200;TRANSLATOR_ASTRO_BLACK;10080;8;10079;20;;;10089;8;10090;20;;;10084.5;0.0
2;9200;TRANSLATOR_ECLIPSE_CHARCOAL;10022;8;10021;20;;;10031;8;10032;20;;;10026.5;0.0
2;9200;TRANSLATOR_GRAPHITE_MIST;9954;8;9953;20;;;9963;8;9964;20;;;9958.5;0.0
2;9300;TRANSLATOR_ASTRO_BLACK;10075;7;10074;15;;;10084;7;10085;15;;;10079.5;0.0
2;9300;TRANSLATOR_VOID_BLUE;9998;7;9997;15;;;10007;7;10008;15;;;10002.5;0.0
2;9300;TRANSLATOR_SPACE_GRAY;9918;7;9917;15;;;9927;7;9928;15;;;9922.5;0.0
2;9300;TRANSLATOR_ECLIPSE_CHARCOAL;10028;7;10027;15;;;10037;7;10038;15;;;10032.5;0.0
2;9300;TRANSLATOR_GRAPHITE_MIST;9928;7;9927;15;;;9937;7;9938;15;;;9932.5;0.0
2;9400;TRANSLATOR_GRAPHITE_MIST;9929;11;9928;18;;;9938;11;9939;18;;;9933.5;0.0
2;9400;TRANSLATOR_VOID_BLUE;10007;11;10006;18;;;10016;11;10017;18;;;10011.5;0.0
2;9400;TRANSLATOR_ASTRO_BLACK;10084;11;10083;18;;;10093;11;10094;18;;;10088.5;0.0
2;9400;TRANSLATOR_SPACE_GRAY;9921;11;9920;18;;;9929;11;9930;18;;;9925.0;0.0
2;9400;TRANSLATOR_ECLIPSE_CHARCOAL;10038;11;10037;18;;;10047;11;10048;18;;;10042.5;0.0
2;9500;TRANSLATOR_GRAPHITE_MIST;9927;13;9926;19;;;9936;13;9937;19;;;9931.5;0.0
2;9500;TRANSLATOR_VOID_BLUE;10005;13;10004;19;;;10014;13;10015;19;;;10009.5;0.0
2;9500;TRANSLATOR_SPACE_GRAY;9922;13;9921;19;;;9931;13;9932;19;;;9926.5;0.0
2;9500;TRANSLATOR_ECLIPSE_CHARCOAL;10048;13;10047;19;;;10057;13;10058;19;;;10052.5;0.0
2;9500;TRANSLATOR_ASTRO_BLACK;10089;13;10088;19;;;10098;13;10099;19;;;10093.5;0.0
2;9600;TRANSLATOR_VOID_BLUE;10018;11;10017;16;;;10027;11;10028;16;;;10022.5;0.0
2;9600;TRANSLATOR_GRAPHITE_MIST;9941;11;9940;16;;;9950;11;9951;16;;;9945.5;0.0
2;9600;TRANSLATOR_SPACE_GRAY;9922;11;9921;16;;;9931;11;9932;16;;;9926.5;0.0
2;9600;TRANSLATOR_ECLIPSE_CHARCOAL;10038;11;10037;16;;;10047;11;10048;16;;;10042.5;0.0
2;9600;TRANSLATOR_ASTRO_BLACK;10081;11;10080;16;;;10090;11;10091;16;;;10085.5;0.0
2;9700;TRANSLATOR_ECLIPSE_CHARCOAL;10035;7;10034;15;;;10044;7;10045;15;;;10039.5;0.0
2;9700;TRANSLATOR_GRAPHITE_MIST;9930;7;9929;15;;;9939;7;9940;15;;;9934.5;0.0
2;9700;TRANSLATOR_VOID_BLUE;10018;7;10017;15;;;10027;7;10028;15;;;10022.5;0.0
2;9700;TRANSLATOR_ASTRO_BLACK;10077;7;10076;15;;;10086;7;10087;15;;;10081.5;0.0
2;9700;TRANSLATOR_SPACE_GRAY;9922;7;9921;15;;;9931;7;9932;15;;;9926.5;0.0
2;9800;TRANSLATOR_ECLIPSE_CHARCOAL;10032;11;10031;22;;;10041;11;10042;22;;;10036.5;0.0
2;9800;TRANSLATOR_GRAPHITE_MIST;9915;11;9914;22;;;9924;11;9925;22;;;9919.5;0.0
2;9800;TRANSLATOR_ASTRO_BLACK;10068;11;10067;22;;;10077;11;10078;22;;;10072.5;0.0
2;9800;TRANSLATOR_VOID_BLUE;10016;11;10015;22;;;10025;11;10026;22;;;10020.5;0.0
2;9800;TRANSLATOR_SPACE_GRAY;9934;11;9933;22;;;9943;11;9944;22;;;9938.5;0.0
2;9900;TRANSLATOR_ECLIPSE_CHARCOAL;10037;11;10036;20;;;10046;11;10047;20;;;10041.5;0.0
2;9900;TRANSLATOR_VOID_BLUE;10025;11;10024;20;;;10034;11;10035;20;;;10029.5;0.0
2;9900;TRANSLATOR_GRAPHITE_MIST;9921;11;9920;20;;;9930;11;9931;20;;;9925.5;0.0
2;9900;TRANSLATOR_ASTRO_BLACK;10079;11;10078;20;;;10088;11;10089;20;;;10083.5;0.0
2;9900;TRANSLATOR_SPACE_GRAY;9935;11;9934;20;;;9944;11;9945;20;;;9939.5;0.0
2;10000;TRANSLATOR_SPACE_GRAY;9938;13;9937;16;;;9947;13;9948;16;;;9942.5;0.0
2;10000;TRANSLATOR_ECLIPSE_CHARCOAL;10044;13;10043;16;;;10053;13;10054;16;;;10048.5;0.0
2;10000;TRANSLATOR_ASTRO_BLACK;10090;13;10089;16;;;10099;13;10100;16;;;10094.5;0.0
2;10000;TRANSLATOR_GRAPHITE_MIST;9926;13;9925;16;;;9935;13;9936;16;;;9930.5;0.0
2;10000;TRANSLATOR_VOID_BLUE;10039;13;10038;16;;;10048;13;10049;16;;;10043.5;0.0
2;10100;TRANSLATOR_SPACE_GRAY;9943;15;9942;16;;;9952;15;9953;16;;;9947.5;0.0
2;10100;TRANSLATOR_ECLIPSE_CHARCOAL;10048;15;10047;16;;;10057;15;10058;16;;;10052.5;0.0
2;10100;TRANSLATOR_ASTRO_BLACK;10089;15;10088;16;;;10098;15;10099;16;;;10093.5;0.0
2;10100;TRANSLATOR_GRAPHITE_MIST;9913;15;9912;16;;;9922;15;9923;16;;;9917.5;0.0
2;10100;TRANSLATOR_VOID_BLUE;10032;15;10031;16;;;10041;15;10042;16;;;10036.5;0.0
2;10200;TRANSLATOR_SPACE_GRAY;9943;14;9942;16;;;9947;6;9952;14;9953;16;9945.0;0.0
2;10200;TRANSLATOR_ASTRO_BLACK;10092;14;10091;16;;;10096;6;10101;14;10102;16;10094.0;0.0
2;10200;TRANSLATOR_ECLIPSE_CHARCOAL;10060;14;10059;16;;;10064;6;10069;14;10070;16;10062.0;0.0
2;10200;TRANSLATOR_VOID_BLUE;10029;14;10028;16;;;10033;6;10038;14;10039;16;10031.0;0.0
2;10200;TRANSLATOR_GRAPHITE_MIST;9901;14;9900;16;;;9905;6;9910;14;9911;16;9903.0;0.0
2;10300;TRANSLATOR_ASTRO_BLACK;10079;15;10078;22;;;10088;15;10089;22;;;10083.5;0.0
2;10300;TRANSLATOR_VOID_BLUE;10030;15;10029;22;;;10039;15;10040;22;;;10034.5;0.0
2;10300;TRANSLATOR_SPACE_GRAY;9934;15;9933;22;;;9943;15;9944;22;;;9938.5;0.0
2;10300;TRANSLATOR_ECLIPSE_CHARCOAL;10081;15;10080;22;;;10090;15;10091;22;;;10085.5;0.0
2;10300;TRANSLATOR_GRAPHITE_MIST;9902;15;9901;22;;;9911;15;9912;22;;;9906.5;0.0
2;10400;TRANSLATOR_ASTRO_BLACK;10080;15;10079;18;;;10090;15;10091;18;;;10085.0;0.0
2;10400;TRANSLATOR_VOID_BLUE;10048;15;10047;18;;;10057;15;10059;18;;;10052.5;0.0
2;10400;TRANSLATOR_GRAPHITE_MIST;9910;15;9909;18;;;9919;15;9920;18;;;9914.5;0.0
2;10400;TRANSLATOR_SPACE_GRAY;9937;15;9936;18;;;9946;15;9947;18;;;9941.5;0.0
2;10400;TRANSLATOR_ECLIPSE_CHARCOAL;10088;15;10087;18;;;10097;15;10098;18;;;10092.5;0.0
2;10500;TRANSLATOR_ASTRO_BLACK;10076;13;10075;16;;;10085;13;10086;16;;;10080.5;0.0
2;10500;TRANSLATOR_GRAPHITE_MIST;9912;13;9911;16;;;9921;13;9922;16;;;9916.5;0.0
2;10500;TRANSLATOR_VOID_BLUE;10035;13;10034;16;;;10044;13;10045;16;;;10039.5;0.0
2;10500;TRANSLATOR_SPACE_GRAY;9931;13;9930;16;;;9940;13;9941;16;;;9935.5;0.0
2;10500;TRANSLATOR_ECLIPSE_CHARCOAL;10071;13;10070;16;;;10080;13;10081;16;;;10075.5;0.0
2;10600;TRANSLATOR_GRAPHITE_MIST;9897;9;9896;15;;;9906;9;9907;15;;;9901.5;0.0
2;10600;TRANSLATOR_VOID_BLUE;10020;9;10019;15;;;10029;9;10030;15;;;10024.5;0.0
2;10600;TRANSLATOR_SPACE_GRAY;9932;9;9931;15;;;9941;9;9942;15;;;9936.5;0.0
2;10600;TRANSLATOR_ECLIPSE_CHARCOAL;10067;9;10066;15;;;10076;9;10077;15;;;10071.5;0.0
2;10600;TRANSLATOR_ASTRO_BLACK;10088;9;10087;15;;;10097;9;10098;15;;;10092.5;0.0
2;10700;TRANSLATOR_ECLIPSE_CHARCOAL;10087;9;10086;21;;;10097;9;10098;21;;;10092.0;0.0
2;10700;TRANSLATOR_VOID_BLUE;10028;9;10027;21;;;10037;9;10038;21;;;10032.5;0.0
2;10700;TRANSLATOR_GRAPHITE_MIST;9893;9;9892;21;;;9901;9;9902;21;;;9897.0;0.0
2;10700;TRANSLATOR_SPACE_GRAY;9927;9;9926;21;;;9936;9;9937;21;;;9931.5;0.0
2;10700;TRANSLATOR_ASTRO_BLACK;10091;9;10090;21;;;10100;9;10101;21;;;10095.5;0.0
2;10800;TRANSLATOR_ECLIPSE_CHARCOAL;10088;7;10087;15;;;10097;7;10098;15;;;10092.5;0.0
2;10800;TRANSLATOR_GRAPHITE_MIST;9879;22;;;;;9888;7;9889;15;;;9883.5;0.0
2;10800;TRANSLATOR_VOID_BLUE;10025;7;10024;15;;;10034;7;10036;15;;;10029.5;0.0
2;10800;TRANSLATOR_SPACE_GRAY;9941;7;9940;15;;;9950;7;9951;15;;;9945.5;0.0
2;10800;TRANSLATOR_ASTRO_BLACK;10089;7;10088;15;;;10098;7;10099;15;;;10093.5;0.0
2;10900;TRANSLATOR_ECLIPSE_CHARCOAL;10075;12;10074;17;;;10084;12;10086;17;;;10079.5;0.0
2;10900;TRANSLATOR_GRAPHITE_MIST;9892;12;9891;17;;;9901;12;9902;17;;;9896.5;0.0
2;10900;TRANSLATOR_ASTRO_BLACK;10095;12;10094;17;;;10104;12;10105;17;;;10099.5;0.0
2;10900;TRANSLATOR_VOID_BLUE;10015;12;10014;17;;;10024;12;10025;17;;;10019.5;0.0
2;10900;TRANSLATOR_SPACE_GRAY;9929;12;9928;17;;;9938;12;9939;17;;;9933.5;0.0
2;11000;TRANSLATOR_ECLIPSE_CHARCOAL;10068;11;10067;21;;;10077;11;10078;21;;;10072.5;0.0
2;11000;TRANSLATOR_VOID_BLUE;10014;11;10013;21;;;10023;11;10024;21;;;10018.5;0.0
2;11000;TRANSLATOR_GRAPHITE_MIST;9880;32;;;;;9889;11;9890;21;;;9884.5;0.0
2;11000;TRANSLATOR_ASTRO_BLACK;10108;11;10107;21;;;10117;11;10118;21;;;10112.5;0.0
2;11000;TRANSLATOR_SPACE_GRAY;9933;11;9932;21;;;9942;11;9943;21;;;9937.5;0.0
2;11100;TRANSLATOR_SPACE_GRAY;9943;13;9942;21;;;9952;13;9953;21;;;9947.5;0.0
2;11100;TRANSLATOR_ECLIPSE_CHARCOAL;10052;13;10051;21;;;10061;13;10062;21;;;10056.5;0.0
2;11100;TRANSLATOR_ASTRO_BLACK;10102;13;10101;21;;;10111;13;10112;21;;;10106.5;0.0
2;11100;TRANSLATOR_GRAPHITE_MIST;9880;13;9879;21;;;9889;13;9890;21;;;9884.5;0.0
2;11100;TRANSLATOR_VOID_BLUE;10029;13;10028;21;;;10038;13;10039;21;;;10033.5;0.0
2;11200;TRANSLATOR_SPACE_GRAY;9951;4;9947;9;9946;19;9956;9;9957;19;;;9953.5;0.0
2;11200;TRANSLATOR_ECLIPSE_CHARCOAL;10044;4;10040;9;10039;19;10049;9;10050;19;;;10046.5;0.0
2;11200;TRANSLATOR_ASTRO_BLACK;10105;4;10101;9;10100;19;10110;9;10111;19;;;10107.5;0.0
2;11200;TRANSLATOR_VOID_BLUE;10036;4;10032;9;10031;19;10041;9;10042;19;;;10038.5;0.0
2;11200;TRANSLATOR_GRAPHITE_MIST;9879;4;9875;9;9874;19;9883;9;9884;19;;;9881.0;0.0
2;11300;TRANSLATOR_VOID_BLUE;10038;15;10037;19;;;10047;15;10048;19;;;10042.5;0.0
2;11300;TRANSLATOR_ASTRO_BLACK;10089;15;10088;19;;;10098;15;10099;19;;;10093.5;0.0
2;11300;TRANSLATOR_SPACE_GRAY;9933;15;9932;19;;;9942;15;9943;19;;;9937.5;0.0
2;11300;TRANSLATOR_ECLIPSE_CHARCOAL;10057;15;10056;19;;;10066;15;10067;19;;;10061.5;0.0
2;11300;TRANSLATOR_GRAPHITE_MIST;9880;15;9879;19;;;9889;15;9890;19;;;9884.5;0.0
2;11400;TRANSLATOR_ASTRO_BLACK;10094;14;10093;17;;;10103;14;10104;17;;;10098.5;0.0
2;11400;TRANSLATOR_VOID_BLUE;10044;14;10043;17;;;10053;14;10054;17;;;10048.5;0.0
2;11400;TRANSLATOR_SPACE_GRAY;9918;14;9917;17;;;9927;14;9928;17;;;9922.5;0.0
2;11400;TRANSLATOR_ECLIPSE_CHARCOAL;10070;14;10069;17;;;10079;14;10080;17;;;10074.5;0.0
2;11400;TRANSLATOR_GRAPHITE_MIST;9886;14;9885;17;;;9895;14;9896;17;;;9890.5;0.0
2;11500;TRANSLATOR_VOID_BLUE;10045;11;10044;17;;;10054;11;10055;17;;;10049.5;0.0
2;11500;TRANSLATOR_GRAPHITE_MIST;9878;11;9877;17;;;9887;11;9888;17;;;9882.5;0.0
2;11500;TRANSLATOR_ASTRO_BLACK;10097;11;10096;17;;;10106;11;10107;17;;;10101.5;0.0
2;11500;TRANSLATOR_SPACE_GRAY;9921;11;9920;17;;;9930;11;9931;17;;;9925.5;0.0
2;11500;TRANSLATOR_ECLIPSE_CHARCOAL;10075;11;10074;17;;;10084;11;10085;17;;;10079.5;0.0
2;11600;TRANSLATOR_GRAPHITE_MIST;9886;8;9885;18;;;9894;8;9895;18;;;9890.0;0.0
2;11600;TRANSLATOR_ASTRO_BLACK;10086;8;10085;18;;;10095;8;10096;18;;;10090.5;0.0
2;11600;TRANSLATOR_VOID_BLUE;10054;8;10053;18;;;10063;8;10064;18;;;10058.5;0.0
2;11600;TRANSLATOR_SPACE_GRAY;9907;8;9906;18;;;9916;8;9917;18;;;9911.5;0.0
2;11600;TRANSLATOR_ECLIPSE_CHARCOAL;10073;8;10072;18;;;10082;8;10083;18;;;10077.5;0.0
2;11700;TRANSLATOR_GRAPHITE_MIST;9873;9;9872;20;;;9882;9;9883;20;;;9877.5;0.0
2;11700;TRANSLATOR_VOID_BLUE;10041;9;10040;20;;;10050;9;10051;20;;;10045.5;0.0
2;11700;TRANSLATOR_SPACE_GRAY;9887;9;9886;20;;;9896;9;9897;20;;;9891.5;0.0
2;11700;TRANSLATOR_ECLIPSE_CHARCOAL;10073;9;10072;20;;;10082;9;10083;20;;;10077.5;0.0
2;11700;TRANSLATOR_ASTRO_BLACK;10077;9;10076;20;;;10086;9;10087;20;;;10081.5;0.0
2;11800;TRANSLATOR_ECLIPSE_CHARCOAL;10084;11;10083;22;;;10093;11;10094;22;;;10088.5;0.0
2;11800;TRANSLATOR_VOID_BLUE;10043;11;10042;22;;;10052;11;10053;22;;;10047.5;0.0
2;11800;TRANSLATOR_GRAPHITE_MIST;9893;11;9892;22;;;9902;11;9903;22;;;9897.5;0.0
2;11800;TRANSLATOR_SPACE_GRAY;9885;11;9884;22;;;9894;11;9895;22;;;9889.5;0.0
2;11800;TRANSLATOR_ASTRO_BLACK;10075;11;10074;22;;;10084;11;10085;22;;;10079.5;0.0
2;11900;TRANSLATOR_ECLIPSE_CHARCOAL;10091;12;10090;20;;;10100;12;10101;20;;;10095.5;0.0
2;11900;TRANSLATOR_GRAPHITE_MIST;9903;12;9902;20;;;9912;12;9913;20;;;9907.5;0.0
2;11900;TRANSLATOR_ASTRO_BLACK;10059;12;10058;20;;;10069;12;10070;20;;;10064.0;0.0
2;11900;TRANSLATOR_VOID_BLUE;10038;12;10037;20;;;10047;12;10048;20;;;10042.5;0.0
2;11900;TRANSLATOR_SPACE_GRAY;9878;12;9877;20;;;9887;12;9888;20;;;9882.5;0.0
2;12000;TRANSLATOR_ECLIPSE_CHARCOAL;10084;15;10083;22;;;10093;15;10094;22;;;10088.5;0.0
2;12000;TRANSLATOR_ASTRO_BLACK;10071;15;10070;22;;;10080;15;10081;22;;;10075.5;0.0
2;12000;TRANSLATOR_VOID_BLUE;10030;15;10029;22;;;10039;15;10040;22;;;10034.5;0.0
2;12000;TRANSLATOR_GRAPHITE_MIST;9897;15;9896;22;;;9906;15;9907;22;;;9901.5;0.0
2;12000;TRANSLATOR_SPACE_GRAY;9900;15;9899;22;;;9909;15;9910;22;;;9904.5;0.0
2;12100;TRANSLATOR_SPACE_GRAY;9887;11;9886;22;;;9896;11;9897;22;;;9891.5;0.0
2;12100;TRANSLATOR_ECLIPSE_CHARCOAL;10062;11;10061;22;;;10071;11;10072;22;;;10066.5;0.0
2;12100;TRANSLATOR_ASTRO_BLACK;10081;11;10080;22;;;10090;11;10091;22;;;10085.5;0.0
2;12100;TRANSLATOR_GRAPHITE_MIST;9896;11;9895;22;;;9905;11;9906;22;;;9900.5;0.0
2;12100;TRANSLATOR_VOID_BLUE;10028;11;10027;22;;;10037;11;10038;22;;;10032.5;0.0
2;12200;TRANSLATOR_SPACE_GRAY;9877;13;9876;20;;;9886;13;9887;20;;;9881.5;0.0
2;12200;TRANSLATOR_ECLIPSE_CHARCOAL;10065;13;10064;20;;;10074;13;10075;20;;;10069.5;0.0
2;12200;TRANSLATOR_ASTRO_BLACK;10065;13;10064;20;;;10074;13;10075;20;;;10069.5;0.0
2;12200;TRANSLATOR_GRAPHITE_MIST;9917;13;9916;20;;;9926;33;;;;;9921.5;0.0
2;12200;TRANSLATOR_VOID_BLUE;10034;13;10033;20;;;10043;13;10044;20;;;10038.5;0.0
2;12300;TRANSLATOR_SPACE_GRAY;9882;10;9881;15;;;9891;10;9892;15;;;9886.5;0.0
2;12300;TRANSLATOR_ASTRO_BLACK;10059;10;10058;15;;;10068;10;10069;15;;;10063.5;0.0
2;12300;TRANSLATOR_ECLIPSE_CHARCOAL;10058;10;10057;15;;;10067;10;10068;15;;;10062.5;0.0
2;12300;TRANSLATOR_VOID_BLUE;10032;10;10031;15;;;10041;10;10042;15;;;10036.5;0.0
2;12300;TRANSLATOR_GRAPHITE_MIST;9915;10;9914;15;;;9924;10;9925;15;;;9919.5;0.0
2;12400;TRANSLATOR_VOID_BLUE;10043;8;10042;15;;;10052;8;10053;15;;;10047.5;0.0
2;12400;TRANSLATOR_SPACE_GRAY;9874;8;9873;15;;;9882;8;9883;15;;;9878.0;0.0
2;12400;TRANSLATOR_ASTRO_BLACK;10039;8;10038;15;;;10048;8;10049;15;;;10043.5;0.0
2;12400;TRANSLATOR_ECLIPSE_CHARCOAL;10068;8;10067;15;;;10077;8;10078;15;;;10072.5;0.0
2;12400;TRANSLATOR_GRAPHITE_MIST;9911;8;9910;15;;;9920;8;9921;15;;;9915.5;0.0
2;12500;TRANSLATOR_ASTRO_BLACK;10043;9;10042;15;;;10052;9;10053;15;;;10047.5;0.0
2;12500;TRANSLATOR_VOID_BLUE;10050;9;10049;15;;;10059;9;10060;15;;;10054.5;0.0
2;12500;TRANSLATOR_SPACE_GRAY;9881;9;9880;15;;;9890;9;9891;15;;;9885.5;0.0
2;12500;TRANSLATOR_ECLIPSE_CHARCOAL;10075;9;10074;15;;;10084;9;10085;15;;;10079.5;0.0
2;12500;TRANSLATOR_GRAPHITE_MIST;9902;9;9901;15;;;9911;9;9912;15;;;9906.5;0.0
2;12600;TRANSLATOR_VOID_BLUE;10069;7;10068;22;;;10078;7;10079;22;;;10073.5;0.0
2;12600;TRANSLATOR_GRAPHITE_MIST;9887;7;9886;22;;;9896;7;9897;22;;;9891.5;0.0
2;12600;TRANSLATOR_ASTRO_BLACK;10055;7;10053;22;;;10064;7;10065;22;;;10059.5;0.0
2;12600;TRANSLATOR_SPACE_GRAY;9872;7;9871;22;;;9881;7;9882;22;;;9876.5;0.0
2;12600;TRANSLATOR_ECLIPSE_CHARCOAL;10077;7;10076;22;;;10086;7;10087;22;;;10081.5;0.0
2;12700;TRANSLATOR_GRAPHITE_MIST;9885;14;9884;18;;;9894;14;9895;18;;;9889.5;0.0
2;12700;TRANSLATOR_VOID_BLUE;10064;14;10063;18;;;10073;14;10074;18;;;10068.5;0.0
2;12700;TRANSLATOR_SPACE_GRAY;9861;14;9860;18;;;9870;14;9871;18;;;9865.5;0.0
2;12700;TRANSLATOR_ASTRO_BLACK;10055;14;10054;18;;;10064;14;10065;18;;;10059.5;0.0
2;12700;TRANSLATOR_ECLIPSE_CHARCOAL;10084;14;10083;18;;;10093;14;10094;18;;;10088.5;0.0
2;12800;TRANSLATOR_VOID_BLUE;10074;11;10073;19;;;10083;11;10084;19;;;10078.5;0.0
2;12800;TRANSLATOR_GRAPHITE_MIST;9872;11;9871;19;;;9881;11;9882;19;;;9876.5;0.0
2;12800;TRANSLATOR_SPACE_GRAY;9845;11;9844;19;;;9854;30;;;;;9849.5;0.0
2;12800;TRANSLATOR_ECLIPSE_CHARCOAL;10073;11;10072;19;;;10082;11;10083;19;;;10077.5;0.0
2;12800;TRANSLATOR_ASTRO_BLACK;10050;11;10049;19;;;10059;11;10060;19;;;10054.5;0.0
2;12900;TRANSLATOR_ECLIPSE_CHARCOAL;10062;13;10061;15;;;10072;13;10073;15;;;10067.0;0.0
2;12900;TRANSLATOR_GRAPHITE_MIST;9884;13;9883;15;;;9892;13;9893;15;;;9888.0;0.0
2;12900;TRANSLATOR_VOID_BLUE;10062;13;10061;15;;;10071;13;10072;15;;;10066.5;0.0
2;12900;TRANSLATOR_SPACE_GRAY;9846;13;9845;15;;;9855;13;9856;15;;;9850.5;0.0
2;12900;TRANSLATOR_ASTRO_BLACK;10058;13;10057;15;;;10067;13;10068;15;;;10062.5;0.0
2;13000;TRANSLATOR_ECLIPSE_CHARCOAL;10070;9;10069;20;;;10079;9;10080;20;;;10074.5;0.0
2;13000;TRANSLATOR_GRAPHITE_MIST;9888;9;9887;20;;;9897;9;9898;20;;;9892.5;0.0
2;13000;TRANSLATOR_ASTRO_BLACK;10057;9;10056;20;;;10066;9;10067;20;;;10061.5;0.0
2;13000;TRANSLATOR_VOID_BLUE;10049;9;10048;20;;;10058;9;10059;20;;;10053.5;0.0
2;13000;TRANSLATOR_SPACE_GRAY;9838;9;9837;20;;;9847;9;9848;20;;;9842.5;0.0
2;13100;TRANSLATOR_ECLIPSE_CHARCOAL;10076;9;10075;15;;;10085;9;10086;15;;;10080.5;0.0
2;13100;TRANSLATOR_VOID_BLUE;10067;9;10066;15;;;10076;9;10077;15;;;10071.5;0.0
2;13100;TRANSLATOR_GRAPHITE_MIST;9893;9;9892;15;;;9902;9;9903;15;;;9897.5;0.0
2;13100;TRANSLATOR_ASTRO_BLACK;10048;9;10047;15;;;10057;9;10058;15;;;10052.5;0.0
2;13100;TRANSLATOR_SPACE_GRAY;9839;9;9838;15;;;9848;9;9849;15;;;9843.5;0.0
2;13200;TRANSLATOR_SPACE_GRAY;9849;13;9848;15;;;9858;13;9859;15;;;9853.5;0.0
2;13200;TRANSLATOR_ECLIPSE_CHARCOAL;10067;13;10066;15;;;10076;13;10077;15;;;10071.5;0.0
2;13200;TRANSLATOR_GRAPHITE_MIST;9890;13;9889;15;;;9899;13;9900;15;;;9894.5;0.0
2;13200;TRANSLATOR_ASTRO_BLACK;10032;13;10031;15;;;10041;13;10042;15;;;10036.5;0.0
2;13200;TRANSLATOR_VOID_BLUE;10076;13;10075;15;;;10085;13;10086;15;;;10080.5;0.0
2;13300;TRANSLATOR_SPACE_GRAY;9857;13;9856;22;;;9866;13;9867;22;;;9861.5;0.0
2;13300;TRANSLATOR_ECLIPSE_CHARCOAL;10065;13;10064;22;;;10074;13;10075;22;;;10069.5;0.0
2;13300;TRANSLATOR_ASTRO_BLACK;10034;13;10033;22;;;10043;13;10044;22;;;10038.5;0.0
2;13300;TRANSLATOR_GRAPHITE_MIST;9886;13;9885;22;;;9895;13;9896;22;;;9890.5;0.0
2;13300;TRANSLATOR_VOID_BLUE;10081;13;10080;22;;;10090;13;10091;22;;;10085.5;0.0
2;13400;TRANSLATOR_SPACE_GRAY;9869;11;9868;18;;;9878;11;9879;18;;;9873.5;0.0
2;13400;TRANSLATOR_ASTRO_BLACK;10042;11;10041;18;;;10051;11;10052;18;;;10046.5;0.0
2;13400;TRANSLATOR_ECLIPSE_CHARCOAL;10052;11;10051;18;;;10061;11;10062;18;;;10056.5;0.0
2;13400;TRANSLATOR_VOID_BLUE;10084;11;10083;18;;;10093;11;10094;18;;;10088.5;0.0
2;13400;TRANSLATOR_GRAPHITE_MIST;9892;11;9891;18;;;9900;11;9901;18;;;9896.0;0.0
2;13500;TRANSLATOR_ASTRO_BLACK;10056;13;10055;20;;;10066;13;10067;20;;;10061.0;0.0
2;13500;TRANSLATOR_VOID_BLUE;10087;13;10086;20;;;10096;13;10097;20;;;10091.5;0.0
2;13500;TRANSLATOR_SPACE_GRAY;9884;13;9883;20;;;9893;13;9894;20;;;9888.5;0.0
2;13500;TRANSLATOR_ECLIPSE_CHARCOAL;10040;13;10039;20;;;10049;13;10050;20;;;10044.5;0.0
2;13500;TRANSLATOR_GRAPHITE_MIST;9879;13;9878;20;;;9888;13;9889;20;;;9883.5;0.0
2;13600;TRANSLATOR_ASTRO_BLACK;10057;15;10056;21;;;10066;15;10067;21;;;10061.5;0.0
2;13600;TRANSLATOR_VOID_BLUE;10087;15;10086;21;;;10096;15;10097;21;;;10091.5;0.0
2;13600;TRANSLATOR_GRAPHITE_MIST;9880;15;9879;21;;;9889;15;9890;21;;;9884.5;0.0
2;13600;TRANSLATOR_SPACE_GRAY;9894;15;9893;21;;;9903;15;9904;21;;;9898.5;0.0
2;13600;TRANSLATOR_ECLIPSE_CHARCOAL;10035;15;10034;21;;;10044;15;10045;21;;;10039.5;0.0
2;13700;TRANSLATOR_ASTRO_BLACK;10034;14;10033;21;;;10043;14;10044;21;;;10038.5;0.0
2;13700;TRANSLATOR_GRAPHITE_MIST;9861;14;9860;21;;;9870;14;9871;21;;;9865.5;0.0
2;13700;TRANSLATOR_VOID_BLUE;10085;14;10084;21;;;10094;14;10095;21;;;10089.5;0.0
2;13700;TRANSLATOR_SPACE_GRAY;9884;14;9883;21;;;9893;14;9894;21;;;9888.5;0.0
2;13700;TRANSLATOR_ECLIPSE_CHARCOAL;10027;14;10026;21;;;10036;14;10037;21;;;10031.5;0.0
2;13800;TRANSLATOR_GRAPHITE_MIST;9875;11;9874;17;;;9884;11;9885;17;;;9879.5;0.0
2;13800;TRANSLATOR_VOID_BLUE;10079;11;10078;17;;;10088;11;10089;17;;;10083.5;0.0
2;13800;TRANSLATOR_SPACE_GRAY;9867;11;9866;17;;;9876;11;9877;17;;;9871.5;0.0
2;13800;TRANSLATOR_ECLIPSE_CHARCOAL;10029;11;10028;17;;;10038;11;10039;17;;;10033.5;0.0
2;13800;TRANSLATOR_ASTRO_BLACK;10024;11;10023;17;;;10033;11;10034;17;;;10028.5;0.0
2;13900;TRANSLATOR_ECLIPSE_CHARCOAL;10033;10;10032;16;;;10042;10;10043;16;;;10037.5;0.0
2;13900;TRANSLATOR_VOID_BLUE;10067;10;10066;16;;;10076;10;10077;16;;;10071.5;0.0
2;13900;TRANSLATOR_GRAPHITE_MIST;9880;10;9879;16;;;9889;10;9890;16;;;9884.5;0.0
2;13900;TRANSLATOR_SPACE_GRAY;9876;10;9875;16;;;9885;10;9886;16;;;9880.5;0.0
2;13900;TRANSLATOR_ASTRO_BLACK;10006;10;10005;16;;;10015;10;10016;16;;;10010.5;0.0
2;14000;TRANSLATOR_ECLIPSE_CHARCOAL;10016;9;10015;15;;;10025;9;10026;15;;;10020.5;0.0
2;14000;TRANSLATOR_GRAPHITE_MIST;9885;9;9884;15;;;9894;9;9895;15;;;9889.5;0.0
2;14000;TRANSLATOR_VOID_BLUE;10062;9;10061;15;;;10071;9;10072;15;;;10066.5;0.0
2;14000;TRANSLATOR_ASTRO_BLACK;10003;9;10002;15;;;10012;9;10013;15;;;10007.5;0.0
2;14000;TRANSLATOR_SPACE_GRAY;9869;9;9868;15;;;9878;9;9879;15;;;9873.5;0.0
2;14100;TRANSLATOR_ECLIPSE_CHARCOAL;10015;14;10014;16;;;10024;14;10025;16;;;10019.5;0.0
2;14100;TRANSLATOR_GRAPHITE_MIST;9895;14;9894;16;;;9904;14;9905;16;;;9899.5;0.0
2;14100;TRANSLATOR_ASTRO_BLACK;10005;14;10004;16;;;10014;14;10015;16;;;10009.5;0.0
2;14100;TRANSLATOR_VOID_BLUE;10066;14;10065;16;;;10075;14;10076;16;;;10070.5;0.0
2;14100;TRANSLATOR_SPACE_GRAY;9863;14;9862;16;;;9872;14;9873;16;;;9867.5;0.0
2;14200;TRANSLATOR_ECLIPSE_CHARCOAL;10017;14;10016;21;;;10026;14;10027;21;;;10021.5;0.0
2;14200;TRANSLATOR_VOID_BLUE;10063;14;10062;21;;;10072;14;10073;21;;;10067.5;0.0
2;14200;TRANSLATOR_ASTRO_BLACK;9989;14;9988;21;;;9998;14;9999;21;;;9993.5;0.0
2;14200;TRANSLATOR_GRAPHITE_MIST;9889;14;9888;21;;;9898;14;9899;21;;;9893.5;0.0
2;14200;TRANSLATOR_SPACE_GRAY;9851;14;9850;21;;;9860;14;9861;21;;;9855.5;0.0
2;14300;TRANSLATOR_SPACE_GRAY;9854;7;9853;16;;;9863;7;9864;16;;;9858.5;0.0
2;14300;TRANSLATOR_ECLIPSE_CHARCOAL;10018;7;10017;16;;;10027;7;10028;16;;;10022.5;0.0
2;14300;TRANSLATOR_ASTRO_BLACK;9988;7;9987;16;;;9997;7;9998;16;;;9992.5;0.0
2;14300;TRANSLATOR_GRAPHITE_MIST;9899;7;9898;16;;;9908;7;9909;16;;;9903.5;0.0
2;14300;TRANSLATOR_VOID_BLUE;10060;7;10059;16;;;10069;7;10070;16;;;10064.5;0.0
2;14400;TRANSLATOR_SPACE_GRAY;9871;10;9870;18;;;9879;10;9880;18;;;9875.0;0.0
2;14400;TRANSLATOR_ECLIPSE_CHARCOAL;10005;10;10004;18;;;10014;10;10015;18;;;10009.5;0.0
2;14400;TRANSLATOR_ASTRO_BLACK;9987;10;9986;18;;;9996;10;9997;18;;;9991.5;0.0
2;14400;TRANSLATOR_VOID_BLUE;10060;10;10059;18;;;10069;10;10070;18;;;10064.5;0.0
2;14400;TRANSLATOR_GRAPHITE_MIST;9895;10;9894;18;;;9904;10;9905;18;;;9899.5;0.0
2;14500;TRANSLATOR_VOID_BLUE;10054;11;10053;16;;;10063;11;10064;16;;;10058.5;0.0
2;14500;TRANSLATOR_ASTRO_BLACK;9973;11;9972;16;;;9982;11;9983;16;;;9977.5;0.0
2;14500;TRANSLATOR_SPACE_GRAY;9875;11;9874;16;;;9883;11;9884;16;;;9879.0;0.0
2;14500;TRANSLATOR_ECLIPSE_CHARCOAL;10013;11;10012;16;;;10022;11;10023;16;;;10017.5;0.0
2;14500;TRANSLATOR_GRAPHITE_MIST;9897;11;9896;16;;;9906;11;9907;16;;;9901.5;0.0
2;14600;TRANSLATOR_ASTRO_BLACK;9993;11;9992;16;;;10002;11;10003;16;;;9997.5;0.0
2;14600;TRANSLATOR_VOID_BLUE;10050;11;10049;16;;;10059;11;10060;16;;;10054.5;0.0
2;14600;TRANSLATOR_SPACE_GRAY;9868;11;9867;16;;;9877;11;9878;16;;;9872.5;0.0
2;14600;TRANSLATOR_ECLIPSE_CHARCOAL;9998;11;9997;16;;;10007;11;10008;16;;;10002.5;0.0
2;14600;TRANSLATOR_GRAPHITE_MIST;9881;11;9880;16;;;9890;11;9891;16;;;9885.5;0.0
2;14700;TRANSLATOR_VOID_BLUE;10050;8;10049;19;;;10059;8;10060;19;;;10054.5;0.0
2;14700;TRANSLATOR_GRAPHITE_MIST;9868;8;9867;19;;;9877;8;9878;19;;;9872.5;0.0
2;14700;TRANSLATOR_ASTRO_BLACK;9997;8;9996;19;;;10006;8;10007;19;;;10001.5;0.0
2;14700;TRANSLATOR_SPACE_GRAY;9872;8;9871;19;;;9881;8;9882;19;;;9876.5;0.0
2;14700;TRANSLATOR_ECLIPSE_CHARCOAL;10003;8;10002;19;;;10012;8;10013;19;;;10007.5;0.0
2;14800;TRANSLATOR_GRAPHITE_MIST;9863;13;9862;15;;;9872;13;9873;15;;;9867.5;0.0
2;14800;TRANSLATOR_ASTRO_BLACK;10011;13;10010;15;;;10020;13;10021;15;;;10015.5;0.0
2;14800;TRANSLATOR_VOID_BLUE;10060;13;10059;15;;;10069;13;10070;15;;;10064.5;0.0
2;14800;TRANSLATOR_SPACE_GRAY;9859;13;9858;15;;;9868;13;9869;15;;;9863.5;0.0
2;14800;TRANSLATOR_ECLIPSE_CHARCOAL;9992;13;9991;15;;;10001;13;10002;15;;;9996.5;0.0
2;14900;TRANSLATOR_GRAPHITE_MIST;9885;7;9884;21;;;9893;7;9894;21;;;9889.0;0.0
2;14900;TRANSLATOR_VOID_BLUE;10059;7;10058;21;;;10068;7;10069;21;;;10063.5;0.0
2;14900;TRANSLATOR_SPACE_GRAY;9852;7;9851;21;;;9861;7;9862;21;;;9856.5;0.0
2;14900;TRANSLATOR_ECLIPSE_CHARCOAL;9993;7;9992;21;;;10002;7;10003;21;;;9997.5;0.0
2;14900;TRANSLATOR_ASTRO_BLACK;10016;7;10015;21;;;10025;7;10026;21;;;10020.5;0.0
2;15000;TRANSLATOR_ECLIPSE_CHARCOAL;9997;9;9996;21;;;10006;9;10007;21;;;10001.5;0.0
2;15000;TRANSLATOR_VOID_BLUE;10063;9;10062;21;;;10072;9;10073;21;;;10067.5;0.0
2;15000;TRANSLATOR_GRAPHITE_MIST;9880;9;9879;21;;;9889;9;9890;21;;;9884.5;0.0
2;15000;TRANSLATOR_SPACE_GRAY;9862;9;9861;21;;;9871;9;9872;21;;;9866.5;0.0
2;15000;TRANSLATOR_ASTRO_BLACK;10003;9;10002;21;;;10012;9;10013;21;;;10007.5;0.0
2;15100;TRANSLATOR_ECLIPSE_CHARCOAL;9998;9;9997;19;;;10007;9;10008;19;;;10002.5;0.0
2;15100;TRANSLATOR_GRAPHITE_MIST;9893;9;9892;19;;;9901;9;9902;19;;;9897.0;0.0
2;15100;TRANSLATOR_ASTRO_BLACK;10013;9;10012;19;;;10022;9;10023;19;;;10017.5;0.0
2;15100;TRANSLATOR_VOID_BLUE;10070;9;10069;19;;;10079;9;10080;19;;;10074.5;0.0
2;15100;TRANSLATOR_SPACE_GRAY;9877;9;9876;19;;;9886;9;9887;19;;;9881.5;0.0
2;15200;TRANSLATOR_ECLIPSE_CHARCOAL;10002;7;10001;15;;;10011;7;10012;15;;;10006.5;0.0
2;15200;TRANSLATOR_ASTRO_BLACK;10007;7;10006;15;;;10016;7;10017;15;;;10011.5;0.0
2;15200;TRANSLATOR_GRAPHITE_MIST;9898;7;9897;15;;;9906;7;9907;15;;;9902.0;0.0
2;15200;TRANSLATOR_SPACE_GRAY;9882;7;9881;15;;;9891;7;9892;15;;;9886.5;0.0
2;15200;TRANSLATOR_VOID_BLUE;10078;7;10077;15;;;10087;7;10088;15;;;10082.5;0.0
2;15300;TRANSLATOR_SPACE_GRAY;9885;12;9884;20;;;9894;12;9895;20;;;9889.5;0.0
2;15300;TRANSLATOR_ECLIPSE_CHARCOAL;9995;12;9994;20;;;10004;12;10005;20;;;9999.5;0.0
2;15300;TRANSLATOR_VOID_BLUE;10079;12;10078;20;;;10088;12;10089;20;;;10083.5;0.0
2;15300;TRANSLATOR_ASTRO_BLACK;10021;12;10020;20;;;10030;12;10031;20;;;10025.5;0.0
2;15300;TRANSLATOR_GRAPHITE_MIST;9888;12;9887;20;;;9897;12;9898;20;;;9892.5;0.0
2;15400;TRANSLATOR_SPACE_GRAY;9885;8;9884;15;;;9894;8;9895;15;;;9889.5;0.0
2;15400;TRANSLATOR_ECLIPSE_CHARCOAL;9997;8;9996;15;;;10006;8;10007;15;;;10001.5;0.0
2;15400;TRANSLATOR_ASTRO_BLACK;10021;8;10020;15;;;10030;8;10031;15;;;10025.5;0.0
2;15400;TRANSLATOR_GRAPHITE_MIST;9906;8;9905;15;;;9915;8;9916;15;;;9910.5;0.0
2;15400;TRANSLATOR_VOID_BLUE;10058;8;10057;15;;;10067;8;10068;15;;;10062.5;0.0
2;15500;TRANSLATOR_SPACE_GRAY;9893;11;9892;21;;;9902;11;9903;21;;;9897.5;0.0
2;15500;TRANSLATOR_ASTRO_BLACK;10024;11;10023;21;;;10033;11;10034;21;;;10028.5;0.0
2;15500;TRANSLATOR_VOID_BLUE;10058;11;10057;21;;;10067;11;10068;21;;;10062.5;0.0
2;15500;TRANSLATOR_ECLIPSE_CHARCOAL;10003;11;10002;21;;;10012;11;10013;21;;;10007.5;0.0
2;15500;TRANSLATOR_GRAPHITE_MIST;9901;11;9900;21;;;9910;11;9911;21;;;9905.5;0.0
2;15600;TRANSLATOR_VOID_BLUE;10042;14;10041;22;;;10051;14;10052;22;;;10046.5;0.0
2;15600;TRANSLATOR_ASTRO_BLACK;10032;14;10031;22;;;10041;14;10042;22;;;10036.5;0.0
2;15600;TRANSLATOR_SPACE_GRAY;9905;14;9904;22;;;9913;14;9914;22;;;9909.0;0.0
2;15600;TRANSLATOR_ECLIPSE_CHARCOAL;9992;14;9991;22;;;10001;14;10002;22;;;9996.5;0.0
2;15600;TRANSLATOR_GRAPHITE_MIST;9893;14;9892;22;;;9902;14;9903;22;;;9897.5;0.0
2;15700;TRANSLATOR_ASTRO_BLACK;10033;2;10029;7;10028;22;10038;7;10039;22;;;10035.5;0.0
2;15700;TRANSLATOR_SPACE_GRAY;9909;2;9905;7;9904;22;9914;7;9915;22;;;9911.5;0.0
2;15700;TRANSLATOR_VOID_BLUE;10041;2;10037;7;10036;22;10046;7;10047;22;;;10043.5;0.0
2;15700;TRANSLATOR_ECLIPSE_CHARCOAL;9984;2;9980;7;9979;22;9989;7;9990;22;;;9986.5;0.0
2;15700;TRANSLATOR_GRAPHITE_MIST;9904;2;9900;7;9899;22;9909;7;9910;22;;;9906.5;0.0
2;15800;TRANSLATOR_ASTRO_BLACK;10015;13;10014;20;;;10024;13;10025;20;;;10019.5;0.0
2;15800;TRANSLATOR_GRAPHITE_MIST;9916;13;9915;20;;;9925;13;9926;20;;;9920.5;0.0
2;15800;TRANSLATOR_SPACE_GRAY;9905;13;9904;20;;;9913;13;9914;20;;;9909.0;0.0
2;15800;TRANSLATOR_VOID_BLUE;10040;13;10039;20;;;10050;13;10051;20;;;10045.0;0.0
2;15800;TRANSLATOR_ECLIPSE_CHARCOAL;9979;13;9978;20;;;9988;13;9989;20;;;9983.5;0.0
2;15900;TRANSLATOR_GRAPHITE_MIST;9911;8;9910;20;;;9920;8;9921;20;;;9915.5;0.0
2;15900;TRANSLATOR_VOID_BLUE;10044;8;10043;20;;;10053;8;10054;20;;;10048.5;0.0
2;15900;TRANSLATOR_SPACE_GRAY;9903;8;9902;20;;;9912;8;9913;20;;;9907.5;0.0
2;15900;TRANSLATOR_ECLIPSE_CHARCOAL;9985;8;9984;20;;;9994;8;9995;20;;;9989.5;0.0
2;15900;TRANSLATOR_ASTRO_BLACK;10011;8;10010;20;;;10020;8;10021;20;;;10015.5;0.0
2;16000;TRANSLATOR_VOID_BLUE;10047;12;10046;18;;;10056;12;10057;18;;;10051.5;0.0
2;16000;TRANSLATOR_GRAPHITE_MIST;9898;12;9897;18;;;9907;12;9908;18;;;9902.5;0.0
2;16000;TRANSLATOR_SPACE_GRAY;9905;12;9904;18;;;9914;12;9915;18;;;9909.5;0.0
2;16000;TRANSLATOR_ECLIPSE_CHARCOAL;9986;12;9985;18;;;9995;12;9996;18;;;9990.5;0.0
2;16000;TRANSLATOR_ASTRO_BLACK;10011;12;10010;18;;;10020;12;10021;18;;;10015.5;0.0
2;16100;TRANSLATOR_ECLIPSE_CHARCOAL;9987;11;9986;19;;;9996;11;9997;19;;;9991.5;0.0
2;16100;TRANSLATOR_GRAPHITE_MIST;9902;11;9901;19;;;9911;11;9912;19;;;9906.5;0.0
2;16100;TRANSLATOR_VOID_BLUE;10039;11;10038;19;;;10048;11;10049;19;;;10043.5;0.0
2;16100;TRANSLATOR_ASTRO_BLACK;10003;11;10002;19;;;10013;11;10014;19;;;10008.0;0.0
2;16100;TRANSLATOR_SPACE_GRAY;9906;11;9905;19;;;9915;11;9916;19;;;9910.5;0.0
2;16200;TRANSLATOR_ECLIPSE_CHARCOAL;9983;13;9982;21;;;9992;13;9993;21;;;9987.5;0.0
2;16200;TRANSLATOR_GRAPHITE_MIST;9906;13;9905;21;;;9914;13;9915;21;;;9910.0;0.0
2;16200;TRANSLATOR_ASTRO_BLACK;10013;13;10012;21;;;10022;13;10023;21;;;10017.5;0.0
2;16200;TRANSLATOR_VOID_BLUE;10039;13;10038;21;;;10048;13;10049;21;;;10043.5;0.0
2;16200;TRANSLATOR_SPACE_GRAY;9904;34;;;;;9913;13;9914;21;;;9908.5;0.0
2;16300;TRANSLATOR_ECLIPSE_CHARCOAL;9979;11;9978;17;;;9988;11;9989;17;;;9983.5;0.0
2;16300;TRANSLATOR_GRAPHITE_MIST;9898;11;9897;17;;;9907;11;9908;17;;;9902.5;0.0
2;16300;TRANSLATOR_ASTRO_BLACK;10004;11;10003;17;;;10013;11;10014;17;;;10008.5;0.0
2;16300;TRANSLATOR_SPACE_GRAY;9907;11;9906;17;;;9915;11;9916;17;;;9911.0;0.0
2;16300;TRANSLATOR_VOID_BLUE;10054;11;10053;17;;;10063;11;10064;17;;;10058.5;0.0
2;16400;TRANSLATOR_ECLIPSE_CHARCOAL;9973;9;9972;19;;;9981;9;9982;19;;;9977.0;0.0
2;16400;TRANSLATOR_SPACE_GRAY;9914;9;9913;19;;;9923;9;9924;19;;;9918.5;0.0
2;16400;TRANSLATOR_VOID_BLUE;10030;9;10029;19;;;10039;9;10040;19;;;10034.5;0.0
2;16400;TRANSLATOR_GRAPHITE_MIST;9883;9;9882;19;;;9892;9;9893;19;;;9887.5;0.0
2;16400;TRANSLATOR_ASTRO_BLACK;10014;9;10013;19;;;10023;9;10024;19;;;10018.5;0.0
2;16500;TRANSLATOR_SPACE_GRAY;9912;12;9911;21;;;9921;12;9922;21;;;9916.5;0.0
2;16500;TRANSLATOR_ECLIPSE_CHARCOAL;9983;12;9982;21;;;9992;12;9993;21;;;9987.5;0.0
2;16500;TRANSLATOR_ASTRO_BLACK;10010;12;10009;21;;;10019;12;10020;21;;;10014.5;0.0
2;16500;TRANSLATOR_GRAPHITE_MIST;9862;12;9861;21;;;9871;12;9872;21;;;9866.5;0.0
2;16500;TRANSLATOR_VOID_BLUE;10038;12;10037;21;;;10047;12;10048;21;;;10042.5;0.0
2;16600;TRANSLATOR_SPACE_GRAY;9913;15;9912;16;;;9922;15;9923;16;;;9917.5;0.0
2;16600;TRANSLATOR_ASTRO_BLACK;9997;15;9996;16;;;10006;15;10007;16;;;10001.5;0.0
2;16600;TRANSLATOR_VOID_BLUE;10030;15;10029;16;;;10039;15;10040;16;;;10034.5;0.0
2;16600;TRANSLATOR_ECLIPSE_CHARCOAL;9979;15;9978;16;;;9988;15;9989;16;;;9983.5;0.0
2;16600;TRANSLATOR_GRAPHITE_MIST;9879;15;9878;16;;;9888;15;9889;16;;;9883.5;0.0
2;16700;TRANSLATOR_ASTRO_BLACK;9993;12;9992;22;;;10002;12;10003;22;;;9997.5;0.0
2;16700;TRANSLATOR_VOID_BLUE;10035;12;10034;22;;;10044;12;10045;22;;;10039.5;0.0
2;16700;TRANSLATOR_SPACE_GRAY;9908;12;9907;22;;;9917;12;9918;22;;;9912.5;0.0
2;16700;TRANSLATOR_GRAPHITE_MIST;9886;12;9885;22;;;9895;12;9896;22;;;9890.5;0.0
2;16700;TRANSLATOR_ECLIPSE_CHARCOAL;9981;12;9980;22;;;9990;12;9991;22;;;9985.5;0.0
2;16800;TRANSLATOR_ASTRO_BLACK;10006;14;10005;22;;;10015;14;10016;22;;;10010.5;0.0
2;16800;TRANSLATOR_GRAPHITE_MIST;9887;14;9886;22;;;9896;14;9897;22;;;9891.5;0.0
2;16800;TRANSLATOR_SPACE_GRAY;9911;14;9910;22;;;9920;14;9921;22;;;9915.5;0.0
2;16800;TRANSLATOR_VOID_BLUE;10027;14;10026;22;;;10036;14;10037;22;;;10031.5;0.0
2;16800;TRANSLATOR_ECLIPSE_CHARCOAL;9972;14;9971;22;;;9981;14;9982;22;;;9976.5;0.0
2;16900;TRANSLATOR_VOID_BLUE;10026;15;10025;15;;;10035;15;10036;15;;;10030.5;0.0
2;16900;TRANSLATOR_ASTRO_BLACK;10001;15;10000;15;;;10010;15;10011;15;;;10005.5;0.0
2;16900;TRANSLATOR_GRAPHITE_MIST;9904;15;9903;15;;;9913;15;9914;15;;;9908.5;0.0
2;16900;TRANSLATOR_ECLIPSE_CHARCOAL;9984;15;9983;15;;;9993;15;9994;15;;;9988.5;0.0
2;16900;TRANSLATOR_SPACE_GRAY;9907;15;9906;15;;;9916;15;9917;15;;;9911.5;0.0
2;17000;TRANSLATOR_VOID_BLUE;10008;15;10007;16;;;10017;15;10018;16;;;10012.5;0.0
2;17000;TRANSLATOR_GRAPHITE_MIST;9902;15;9901;16;;;9911;15;9912;16;;;9906.5;0.0
2;17000;TRANSLATOR_SPACE_GRAY;9895;15;9894;16;;;9904;15;9905;16;;;9899.5;0.0
2;17000;TRANSLATOR_ECLIPSE_CHARCOAL;9989;15;9988;16;;;9998;15;9999;16;;;9993.5;0.0
2;17000;TRANSLATOR_ASTRO_BLACK;10010;15;10009;16;;;10019;15;10020;16;;;10014.5;0.0
2;17100;TRANSLATOR_VOID_BLUE;10002;9;10001;20;;;10011;9;10012;20;;;10006.5;0.0
2;17100;TRANSLATOR_ECLIPSE_CHARCOAL;10005;9;10004;20;;;10014;9;10015;20;;;10009.5;0.0
2;17100;TRANSLATOR_GRAPHITE_MIST;9910;9;9909;20;;;9919;9;9920;20;;;9914.5;0.0
2;17100;TRANSLATOR_SPACE_GRAY;9884;29;;;;;9893;9;9894;20;;;9888.5;0.0
2;17100;TRANSLATOR_ASTRO_BLACK;9997;9;9996;20;;;10006;9;10007;20;;;10001.5;0.0
2;17200;TRANSLATOR_GRAPHITE_MIST;9898;12;9897;21;;;9907;12;9908;21;;;9902.5;0.0
2;17200;TRANSLATOR_ECLIPSE_CHARCOAL;10008;12;10007;21;;;10017;12;10018;21;;;10012.5;0.0
2;17200;TRANSLATOR_VOID_BLUE;9998;12;9997;21;;;10007;12;10008;21;;;10002.5;0.0
2;17200;TRANSLATOR_ASTRO_BLACK;10016;12;10015;21;;;10025;12;10026;21;;;10020.5;0.0
2;17200;TRANSLATOR_SPACE_GRAY;9879;12;9878;21;;;9888;12;9889;21;;;9883.5;0.0
2;17300;TRANSLATOR_GRAPHITE_MIST;9896;13;9895;16;;;9905;13;9906;16;;;9900.5;0.0
2;17300;TRANSLATOR_ECLIPSE_CHARCOAL;10024;13;10023;16;;;10033;13;10034;16;;;10028.5;0.0
2;17300;TRANSLATOR_ASTRO_BLACK;10015;13;10014;16;;;10024;13;10025;16;;;10019.5;0.0
2;17300;TRANSLATOR_SPACE_GRAY;9885;13;9884;16;;;9894;13;9895;16;;;9889.5;0.0
2;17300;TRANSLATOR_VOID_BLUE;9987;13;9986;16;;;9996;13;9997;16;;;9991.5;0.0
2;17400;TRANSLATOR_ECLIPSE_CHARCOAL;10022;10;10021;19;;;10031;10;10032;19;;;10026.5;0.0
2;17400;TRANSLATOR_ASTRO_BLACK;10018;10;10017;19;;;10027;10;10028;19;;;10022.5;0.0
2;17400;TRANSLATOR_GRAPHITE_MIST;9899;10;9898;19;;;9908;10;9909;19;;;9903.5;0.0
2;17400;TRANSLATOR_SPACE_GRAY;9877;10;9876;19;;;9886;10;9887;19;;;9881.5;0.0
2;17400;TRANSLATOR_VOID_BLUE;10001;10;10000;19;;;10010;10;10011;19;;;10005.5;0.0
2;17500;TRANSLATOR_ECLIPSE_CHARCOAL;10044;10;10043;18;;;10053;10;10054;18;;;10048.5;0.0
2;17500;TRANSLATOR_SPACE_GRAY;9870;10;9869;18;;;9879;10;9880;18;;;9874.5;0.0
2;17500;TRANSLATOR_ASTRO_BLACK;10003;10;10002;18;;;10012;10;10013;18;;;10007.5;0.0
2;17500;TRANSLATOR_GRAPHITE_MIST;9884;10;9883;18;;;9893;10;9894;18;;;9888.5;0.0
2;17500;TRANSLATOR_VOID_BLUE;10004;10;10003;18;;;10013;10;10014;18;;;10008.5;0.0
2;17600;TRANSLATOR_SPACE_GRAY;9880;11;9879;18;;;9889;11;9890;18;;;9884.5;0.0
2;17600;TRANSLATOR_ECLIPSE_CHARCOAL;10048;11;10046;18;;;10057;11;10058;18;;;10052.5;0.0
2;17600;TRANSLATOR_ASTRO_BLACK;10001;11;10000;18;;;10010;11;10011;18;;;10005.5;0.0
2;17600;TRANSLATOR_VOID_BLUE;10024;11;10023;18;;;10033;11;10034;18;;;10028.5;0.0
2;17600;TRANSLATOR_GRAPHITE_MIST;9874;11;9873;18;;;9883;11;9884;18;;;9878.5;0.0
2;17700;TRANSLATOR_VOID_BLUE;10019;14;10018;20;;;10028;14;10029;20;;;10023.5;0.0
2;17700;TRANSLATOR_ASTRO_BLACK;9988;14;9987;20;;;9997;14;9998;20;;;9992.5;0.0
2;17700;TRANSLATOR_SPACE_GRAY;9890;14;9889;20;;;9899;14;9900;20;;;9894.5;0.0
2;17700;TRANSLATOR_ECLIPSE_CHARCOAL;10047;14;10046;20;;;10056;14;10057;20;;;10051.5;0.0
2;17700;TRANSLATOR_GRAPHITE_MIST;9886;14;9885;20;;;9895;14;9896;20;;;9890.5;0.0
2;17800;TRANSLATOR_ASTRO_BLACK;9988;10;9987;20;;;9997;10;9998;20;;;9992.5;0.0
2;17800;TRANSLATOR_VOID_BLUE;10019;10;10018;20;;;10028;10;10029;20;;;10023.5;0.0
2;17800;TRANSLATOR_SPACE_GRAY;9902;10;9901;20;;;9911;10;9912;20;;;9906.5;0.0
2;17800;TRANSLATOR_GRAPHITE_MIST;9881;10;9880;20;;;9890;10;9891;20;;;9885.5;0.0
2;17800;TRANSLATOR_ECLIPSE_CHARCOAL;10059;10;10058;20;;;10068;10;10069;20;;;10063.5;0.0
2;17900;TRANSLATOR_ASTRO_BLACK;10007;13;10006;16;;;10016;13;10017;16;;;10011.5;0.0
2;17900;TRANSLATOR_GRAPHITE_MIST;9882;13;9881;16;;;9891;13;9892;16;;;9886.5;0.0
2;17900;TRANSLATOR_SPACE_GRAY;9915;13;9914;16;;;9924;13;9925;16;;;9919.5;0.0
2;17900;TRANSLATOR_VOID_BLUE;10005;13;10004;16;;;10014;13;10015;16;;;10009.5;0.0
2;17900;TRANSLATOR_ECLIPSE_CHARCOAL;10062;13;10061;16;;;10071;13;10072;16;;;10066.5;0.0
2;18000;TRANSLATOR_GRAPHITE_MIST;9888;8;9887;21;;;9897;8;9898;21;;;9892.5;0.0
2;18000;TRANSLATOR_VOID_BLUE;10009;8;10008;21;;;10018;8;10019;21;;;10013.5;0.0
2;18000;TRANSLATOR_ASTRO_BLACK;9995;8;9994;21;;;10004;8;10005;21;;;9999.5;0.0
2;18000;TRANSLATOR_ECLIPSE_CHARCOAL;10078;8;10077;21;;;10087;8;10088;21;;;10082.5;0.0
2;18000;TRANSLATOR_SPACE_GRAY;9919;8;9918;21;;;9928;8;9929;21;;;9923.5;0.0
2;18100;TRANSLATOR_GRAPHITE_MIST;9870;15;9869;18;;;9879;15;9880;18;;;9874.5;0.0
2;18100;TRANSLATOR_VOID_BLUE;10013;15;10012;18;;;10022;15;10023;18;;;10017.5;0.0
2;18100;TRANSLATOR_SPACE_GRAY;9916;15;9915;18;;;9925;15;9926;18;;;9920.5;0.0
2;18100;TRANSLATOR_ECLIPSE_CHARCOAL;10077;15;10076;18;;;10086;15;10087;18;;;10081.5;0.0
2;18100;TRANSLATOR_ASTRO_BLACK;9989;15;9988;18;;;9998;15;9999;18;;;9993.5;0.0
2;18200;TRANSLATOR_VOID_BLUE;10036;9;10035;19;;;10045;9;10046;19;;;10040.5;0.0
2;18200;TRANSLATOR_ECLIPSE_CHARCOAL;10064;9;10063;19;;;10073;9;10074;19;;;10068.5;0.0
2;18200;TRANSLATOR_GRAPHITE_MIST;9851;9;9850;19;;;9860;9;9861;19;;;9855.5;0.0
2;18200;TRANSLATOR_SPACE_GRAY;9923;9;9922;19;;;9932;9;9933;19;;;9927.5;0.0
2;18200;TRANSLATOR_ASTRO_BLACK;9991;9;9990;19;;;10000;9;10001;19;;;9995.5;0.0
2;18300;TRANSLATOR_GRAPHITE_MIST;9866;7;9865;19;;;9875;7;9876;19;;;9870.5;0.0
2;18300;TRANSLATOR_ECLIPSE_CHARCOAL;10053;7;10052;19;;;10062;7;10063;19;;;10057.5;0.0
2;18300;TRANSLATOR_ASTRO_BLACK;10009;7;10008;19;;;10018;7;10019;19;;;10013.5;0.0
2;18300;TRANSLATOR_VOID_BLUE;10035;7;10034;19;;;10044;7;10045;19;;;10039.5;0.0
2;18300;TRANSLATOR_SPACE_GRAY;9917;7;9916;19;;;9926;7;9927;19;;;9921.5;0.0
2;18400;TRANSLATOR_ECLIPSE_CHARCOAL;10050;15;10049;18;;;10059;15;10060;18;;;10054.5;0.0
2;18400;TRANSLATOR_GRAPHITE_MIST;9872;15;9871;18;;;9881;15;9882;18;;;9876.5;0.0
2;18400;TRANSLATOR_ASTRO_BLACK;10027;15;10026;18;;;10036;15;10037;18;;;10031.5;0.0
2;18400;TRANSLATOR_SPACE_GRAY;9919;15;9918;18;;;9928;15;9929;18;;;9923.5;0.0
2;18400;TRANSLATOR_VOID_BLUE;10040;15;10039;18;;;10049;15;10050;18;;;10044.5;0.0
2;18500;TRANSLATOR_ECLIPSE_CHARCOAL;10051;15;10050;20;;;10060;15;10061;20;;;10055.5;0.0
2;18500;TRANSLATOR_SPACE_GRAY;9925;15;9924;20;;;9934;15;9935;20;;;9929.5;0.0
2;18500;TRANSLATOR_VOID_BLUE;10042;15;10041;20;;;10051;15;10052;20;;;10046.5;0.0
2;18500;TRANSLATOR_ASTRO_BLACK;10028;15;10027;20;;;10037;15;10038;20;;;10032.5;0.0
2;18500;TRANSLATOR_GRAPHITE_MIST;9872;15;9871;20;;;9881;15;9882;20;;;9876.5;0.0
2;18600;TRANSLATOR_SPACE_GRAY;9926;15;9925;19;;;9935;15;9936;19;;;9930.5;0.0
2;18600;TRANSLATOR_ECLIPSE_CHARCOAL;10043;15;10042;19;;;10052;15;10053;19;;;10047.5;0.0
2;18600;TRANSLATOR_ASTRO_BLACK;10020;15;10019;19;;;10029;15;10030;19;;;10024.5;0.0
2;18600;TRANSLATOR_VOID_BLUE;10033;15;10032;19;;;10042;15;10043;19;;;10037.5;0.0
2;18600;TRANSLATOR_GRAPHITE_MIST;9873;15;9872;19;;;9882;15;9883;19;;;9877.5;0.0
2;18700;TRANSLATOR_SPACE_GRAY;9939;9;9938;17;;;9948;9;9949;17;;;9943.5;0.0
2;18700;TRANSLATOR_ASTRO_BLACK;10020;9;10019;17;;;10029;9;10030;17;;;10024.5;0.0
2;18700;TRANSLATOR_VOID_BLUE;10030;9;10029;17;;;10039;9;10040;17;;;10034.5;0.0
2;18700;TRANSLATOR_ECLIPSE_CHARCOAL;10035;9;10034;17;;;10044;9;10045;17;;;10039.5;0.0
2;18700;TRANSLATOR_GRAPHITE_MIST;9856;9;9855;17;;;9865;9;9866;17;;;9860.5;0.0
2;18800;TRANSLATOR_VOID_BLUE;10049;8;10048;15;;;10058;8;10059;15;;;10053.5;0.0
2;18800;TRANSLATOR_ASTRO_BLACK;10026;8;10025;15;;;10035;8;10036;15;;;10030.5;0.0
2;18800;TRANSLATOR_SPACE_GRAY;9949;8;9948;15;;;9958;8;9959;15;;;9953.5;0.0
2;18800;TRANSLATOR_GRAPHITE_MIST;9838;8;9837;15;;;9846;8;9847;15;;;9842.0;0.0
2;18800;TRANSLATOR_ECLIPSE_CHARCOAL;10035;8;10034;15;;;10044;8;10045;15;;;10039.5;0.0
2;18900;TRANSLATOR_ASTRO_BLACK;10017;13;10016;19;;;10026;13;10027;19;;;10021.5;0.0
2;18900;TRANSLATOR_SPACE_GRAY;9944;13;9943;19;;;9953;13;9954;19;;;9948.5;0.0
2;18900;TRANSLATOR_VOID_BLUE;10048;13;10047;19;;;10057;13;10058;19;;;10052.5;0.0
2;18900;TRANSLATOR_GRAPHITE_MIST;9823;13;9822;19;;;9832;13;9833;19;;;9827.5;0.0
2;18900;TRANSLATOR_ECLIPSE_CHARCOAL;10041;13;10040;19;;;10050;13;10051;19;;;10045.5;0.0
2;19000;TRANSLATOR_ASTRO_BLACK;10015;10;10014;19;;;10024;10;10025;19;;;10019.5;0.0
2;19000;TRANSLATOR_GRAPHITE_MIST;9827;10;9826;19;;;9835;10;9836;19;;;9831.0;0.0
2;19000;TRANSLATOR_SPACE_GRAY;9948;10;9947;19;;;9957;10;9958;19;;;9952.5;0.0
2;19000;TRANSLATOR_VOID_BLUE;10042;10;10041;19;;;10051;10;10052;19;;;10046.5;0.0
2;19000;TRANSLATOR_ECLIPSE_CHARCOAL;10038;10;10037;19;;;10047;10;10048;19;;;10042.5;0.0
2;19100;TRANSLATOR_GRAPHITE_MIST;9827;6;9823;12;9822;16;9831;12;9832;16;;;9829.0;0.0
2;19100;TRANSLATOR_VOID_BLUE;10041;6;10037;12;10036;16;10046;12;10047;16;;;10043.5;0.0
2;19100;TRANSLATOR_ECLIPSE_CHARCOAL;10038;6;10034;12;10033;16;10043;12;10044;16;;;10040.5;0.0
2;19100;TRANSLATOR_SPACE_GRAY;9946;6;9942;12;9941;16;9951;12;9952;16;;;9948.5;0.0
2;19100;TRANSLATOR_ASTRO_BLACK;10013;6;10009;12;10008;16;10018;12;10019;16;;;10015.5;0.0
2;19200;TRANSLATOR_VOID_BLUE;10041;14;10040;21;;;10050;14;10051;21;;;10045.5;0.0
2;19200;TRANSLATOR_GRAPHITE_MIST;9826;14;9825;21;;;9835;14;9836;21;;;9830.5;0.0
2;19200;TRANSLATOR_SPACE_GRAY;9957;14;9956;21;;;9966;14;9967;21;;;9961.5;0.0
2;19200;TRANSLATOR_ECLIPSE_CHARCOAL;10042;14;10041;21;;;10051;14;10052;21;;;10046.5;0.0
2;19200;TRANSLATOR_ASTRO_BLACK;10001;14;10000;21;;;10010;14;10011;21;;;10005.5;0.0
2;19300;TRANSLATOR_ECLIPSE_CHARCOAL;10058;11;10057;17;;;10067;11;10068;17;;;10062.5;0.0
2;19300;TRANSLATOR_GRAPHITE_MIST;9826;11;9825;17;;;9834;11;9835;17;;;9830.0;0.0
2;19300;TRANSLATOR_VOID_BLUE;10039;11;10038;17;;;10048;11;10049;17;;;10043.5;0.0
2;19300;TRANSLATOR_ASTRO_BLACK;10006;11;10005;17;;;10015;11;10016;17;;;10010.5;0.0
2;19300;TRANSLATOR_SPACE_GRAY;9953;11;9952;17;;;9962;11;9963;17;;;9957.5;0.0
2;19400;TRANSLATOR_GRAPHITE_MIST;9815;7;9814;16;;;9824;7;9825;16;;;9819.5;0.0
2;19400;TRANSLATOR_ECLIPSE_CHARCOAL;10082;7;10081;16;;;10091;7;10092;16;;;10086.5;0.0
2;19400;TRANSLATOR_ASTRO_BLACK;10001;7;10000;16;;;10010;7;10011;16;;;10005.5;0.0
2;19400;TRANSLATOR_VOID_BLUE;10029;7;10028;16;;;10038;7;10039;16;;;10033.5;0.0
2;19400;TRANSLATOR_SPACE_GRAY;9950;7;9949;16;;;9959;7;9960;16;;;9954.5;0.0
2;19500;TRANSLATOR_ECLIPSE_CHARCOAL;10088;15;10087;19;;;10097;15;10098;19;;;10092.5;0.0
2;19500;TRANSLATOR_ASTRO_BLACK;10001;15;10000;19;;;10010;15;10011;19;;;10005.5;0.0
2;19500;TRANSLATOR_GRAPHITE_MIST;9814;15;9813;19;;;9823;15;9824;19;;;9818.5;0.0
2;19500;TRANSLATOR_SPACE_GRAY;9956;15;9955;19;;;9965;15;9966;19;;;9960.5;0.0
2;19500;TRANSLATOR_VOID_BLUE;10030;15;10029;19;;;10039;15;10040;19;;;10034.5;0.0
2;19600;TRANSLATOR_ECLIPSE_CHARCOAL;10079;12;10078;21;;;10088;12;10089;21;;;10083.5;0.0
2;19600;TRANSLATOR_SPACE_GRAY;9950;12;9949;21;;;9959;12;9960;21;;;9954.5;0.0
2;19600;TRANSLATOR_VOID_BLUE;10033;12;10032;21;;;10042;12;10043;21;;;10037.5;0.0
2;19600;TRANSLATOR_GRAPHITE_MIST;9835;12;9834;21;;;9844;12;9845;21;;;9839.5;0.0
2;19600;TRANSLATOR_ASTRO_BLACK;10012;12;10011;21;;;10021;12;10022;21;;;10016.5;0.0
2;19700;TRANSLATOR_SPACE_GRAY;9962;10;9961;19;;;9970;10;9971;19;;;9966.0;0.0
2;19700;TRANSLATOR_ECLIPSE_CHARCOAL;10089;10;10088;19;;;10098;10;10099;19;;;10093.5;0.0
2;19700;TRANSLATOR_ASTRO_BLACK;9999;10;9998;19;;;10008;10;10009;19;;;10003.5;0.0
2;19700;TRANSLATOR_GRAPHITE_MIST;9839;10;9838;19;;;9848;10;9849;19;;;9843.5;0.0
2;19700;TRANSLATOR_VOID_BLUE;10032;10;10031;19;;;10041;10;10042;19;;;10036.5;0.0
2;19800;TRANSLATOR_SPACE_GRAY;9969;15;9968;17;;;9978;15;9979;17;;;9973.5;0.0
2;19800;TRANSLATOR_ASTRO_BLACK;10001;15;10000;17;;;10010;15;10011;17;;;10005.5;0.0
2;19800;TRANSLATOR_VOID_BLUE;10018;15;10017;17;;;10027;15;10028;17;;;10022.5;0.0
2;19800;TRANSLATOR_ECLIPSE_CHARCOAL;10084;15;10083;17;;;10094;15;10095;17;;;10089.0;0.0
2;19800;TRANSLATOR_GRAPHITE_MIST;9846;15;9845;17;;;9855;15;9856;17;;;9850.5;0.0
2;19900;TRANSLATOR_ASTRO_BLACK;10008;11;10007;21;;;10017;11;10018;21;;;10012.5;0.0
2;19900;TRANSLATOR_VOID_BLUE;10027;11;10026;21;;;10036;11;10037;21;;;10031.5;0.0
2;19900;TRANSLATOR_SPACE_GRAY;9982;11;9981;21;;;9991;11;9992;21;;;9986.5;0.0
2;19900;TRANSLATOR_GRAPHITE_MIST;9843;11;9842;21;;;9852;11;9853;21;;;9847.5;0.0
2;19900;TRANSLATOR_ECLIPSE_CHARCOAL;10079;11;10078;21;;;10088;11;10089;21;;;10083.5;0.0
2;20000;TRANSLATOR_GRAPHITE_MIST;9844;15;9843;21;;;9853;15;9854;21;;;9848.5;0.0
2;20000;TRANSLATOR_ASTRO_BLACK;10022;15;10021;21;;;10031;15;10032;21;;;10026.5;0.0
2;20000;TRANSLATOR_SPACE_GRAY;10002;15;10001;21;;;10011;15;10012;21;;;10006.5;0.0
2;20000;TRANSLATOR_VOID_BLUE;10011;15;10010;21;;;10020;15;10021;21;;;10015.5;0.0
2;20000;TRANSLATOR_ECLIPSE_CHARCOAL;10076;15;10075;21;;;10085;15;10086;21;;;10080.5;0.0
2;20100;TRANSLATOR_VOID_BLUE;10000;10;9999;22;;;10009;10;10010;22;;;10004.5;0.0
2;20100;TRANSLATOR_ASTRO_BLACK;10030;10;10029;22;;;10039;10;10041;22;;;10034.5;0.0
2;20100;TRANSLATOR_GRAPHITE_MIST;9854;10;9853;22;;;9863;10;9864;22;;;9858.5;0.0
2;20100;TRANSLATOR_ECLIPSE_CHARCOAL;10077;10;10076;22;;;10086;10;10087;22;;;10081.5;0.0
2;20100;TRANSLATOR_SPACE_GRAY;10006;10;10005;22;;;10015;10;10016;22;;;10010.5;0.0
2;20200;TRANSLATOR_GRAPHITE_MIST;9845;10;9844;19;;;9854;10;9855;19;;;9849.5;0.0
2;20200;TRANSLATOR_VOID_BLUE;9989;10;9988;19;;;9998;10;9999;19;;;9993.5;0.0
2;20200;TRANSLATOR_SPACE_GRAY;10000;10;9999;19;;;10009;10;10010;19;;;10004.5;0.0
2;20200;TRANSLATOR_ECLIPSE_CHARCOAL;10074;10;10073;19;;;10083;10;10084;19;;;10078.5;0.0
2;20200;TRANSLATOR_ASTRO_BLACK;10029;10;10028;19;;;10038;10;10039;19;;;10033.5;0.0
2;20300;TRANSLATOR_VOID_BLUE;9994;15;9993;18;;;10003;15;10004;18;;;9998.5;0.0
2;20300;TRANSLATOR_ECLIPSE_CHARCOAL;10076;15;10075;18;;;10085;15;10086;18;;;10080.5;0.0
2;20300;TRANSLATOR_GRAPHITE_MIST;9856;15;9855;18;;;9865;15;9866;18;;;9860.5;0.0
2;20300;TRANSLATOR_SPACE_GRAY;10003;15;10002;18;;;10012;15;10013;18;;;10007.5;0.0
2;20300;TRANSLATOR_ASTRO_BLACK;10025;15;10024;18;;;10034;15;10035;18;;;10029.5;0.0
2;20400;TRANSLATOR_GRAPHITE_MIST;9842;9;9841;19;;;9851;9;9852;19;;;9846.5;0.0
2;20400;TRANSLATOR_ECLIPSE_CHARCOAL;10077;9;10076;19;;;10086;9;10087;19;;;10081.5;0.0
2;20400;TRANSLATOR_VOID_BLUE;10003;9;10002;19;;;10012;9;10013;19;;;10007.5;0.0
2;20400;TRANSLATOR_ASTRO_BLACK;10011;9;10010;19;;;10020;9;10021;19;;;10015.5;0.0
2;20400;TRANSLATOR_SPACE_GRAY;10033;9;10032;19;;;10042;9;10043;19;;;10037.5;0.0
2;20500;TRANSLATOR_GRAPHITE_MIST;9843;10;9842;19;;;9852;10;9853;19;;;9847.5;0.0
2;20500;TRANSLATOR_ECLIPSE_CHARCOAL;10062;10;10061;19;;;10072;10;10073;19;;;10067.0;0.0
2;20500;TRANSLATOR_ASTRO_BLACK;10011;10;10010;19;;;10020;10;10021;19;;;10015.5;0.0
2;20500;TRANSLATOR_SPACE_GRAY;10047;10;10046;19;;;10056;10;10058;19;;;10051.5;0.0
2;20500;TRANSLATOR_VOID_BLUE;10012;10;10011;19;;;10021;10;10022;19;;;10016.5;0.0
2;20600;TRANSLATOR_ECLIPSE_CHARCOAL;10068;15;10067;22;;;10077;15;10078;22;;;10072.5;0.0
2;20600;TRANSLATOR_ASTRO_BLACK;9994;15;9993;22;;;10003;15;10004;22;;;9998.5;0.0
2;20600;TRANSLATOR_GRAPHITE_MIST;9841;15;9840;22;;;9850;15;9851;22;;;9845.5;0.0
2;20600;TRANSLATOR_SPACE_GRAY;10053;15;10052;22;;;10062;15;10063;22;;;10057.5;0.0
2;20600;TRANSLATOR_VOID_BLUE;10025;15;10024;22;;;10034;15;10035;22;;;10029.5;0.0
2;20700;TRANSLATOR_SPACE_GRAY;10070;10;10069;18;;;10079;10;10080;18;;;10074.5;0.0
2;20700;TRANSLATOR_ECLIPSE_CHARCOAL;10059;10;10058;18;;;10068;10;10069;18;;;10063.5;0.0
2;20700;TRANSLATOR_ASTRO_BLACK;9992;10;9991;18;;;10001;10;10002;18;;;9996.5;0.0
2;20700;TRANSLATOR_VOID_BLUE;10043;10;10042;18;;;10052;10;10053;18;;;10047.5;0.0
2;20700;TRANSLATOR_GRAPHITE_MIST;9847;10;9846;18;;;9856;10;9857;18;;;9851.5;0.0
2;20800;TRANSLATOR_SPACE_GRAY;10066;8;10065;18;;;10076;8;10077;18;;;10071.0;0.0
2;20800;TRANSLATOR_ECLIPSE_CHARCOAL;10068;8;10067;18;;;10077;8;10078;18;;;10072.5;0.0
2;20800;TRANSLATOR_ASTRO_BLACK;10013;8;10012;18;;;10022;8;10023;18;;;10017.5;0.0
2;20800;TRANSLATOR_VOID_BLUE;10028;8;10027;18;;;10037;8;10038;18;;;10032.5;0.0
2;20800;TRANSLATOR_GRAPHITE_MIST;9845;8;9844;18;;;9854;8;9855;18;;;9849.5;0.0
2;20900;TRANSLATOR_VOID_BLUE;10040;8;10039;22;;;10049;8;10050;22;;;10044.5;0.0
2;20900;TRANSLATOR_ASTRO_BLACK;10015;8;10014;22;;;10024;8;10025;22;;;10019.5;0.0
2;20900;TRANSLATOR_SPACE_GRAY;10090;8;10089;22;;;10099;8;10100;22;;;10094.5;0.0
2;20900;TRANSLATOR_ECLIPSE_CHARCOAL;10079;8;10078;22;;;10088;8;10089;22;;;10083.5;0.0
2;20900;TRANSLATOR_GRAPHITE_MIST;9852;8;9851;22;;;9861;8;9862;22;;;9856.5;0.0
2;21000;TRANSLATOR_ASTRO_BLACK;10024;7;10023;16;;;10033;7;10034;16;;;10028.5;0.0
2;21000;TRANSLATOR_VOID_BLUE;10042;7;10041;16;;;10051;7;10052;16;;;10046.5;0.0
2;21000;TRANSLATOR_SPACE_GRAY;10086;7;10085;16;;;10095;7;10096;16;;;10090.5;0.0
2;21000;TRANSLATOR_GRAPHITE_MIST;9841;7;9840;16;;;9849;7;9850;16;;;9845.0;0.0
2;21000;TRANSLATOR_ECLIPSE_CHARCOAL;10088;7;10087;16;;;10097;7;10098;16;;;10092.5;0.0
2;21100;TRANSLATOR_ASTRO_BLACK;10028;14;10027;16;;;10037;14;10038;16;;;10032.5;0.0
2;21100;TRANSLATOR_GRAPHITE_MIST;9836;14;9835;16;;;9845;14;9846;16;;;9840.5;0.0
2;21100;TRANSLATOR_SPACE_GRAY;10072;14;10071;16;;;10081;14;10082;16;;;10076.5;0.0
2;21100;TRANSLATOR_VOID_BLUE;10044;14;10043;16;;;10053;14;10054;16;;;10048.5;0.0
2;21100;TRANSLATOR_ECLIPSE_CHARCOAL;10087;14;10086;16;;;10096;14;10097;16;;;10091.5;0.0
2;21200;TRANSLATOR_VOID_BLUE;10039;13;10038;20;;;10048;13;10049;20;;;10043.5;0.0
2;21200;TRANSLATOR_GRAPHITE_MIST;9817;13;9816;20;;;9826;13;9827;20;;;9821.5;0.0
2;21200;TRANSLATOR_ASTRO_BLACK;10022;13;10021;20;;;10031;13;10032;20;;;10026.5;0.0
2;21200;TRANSLATOR_ECLIPSE_CHARCOAL;10082;13;10081;20;;;10091;13;10092;20;;;10086.5;0.0
2;21200;TRANSLATOR_SPACE_GRAY;10060;13;10059;20;;;10069;13;10070;20;;;10064.5;0.0
2;21300;TRANSLATOR_GRAPHITE_MIST;9824;13;9823;20;;;9832;13;9833;20;;;9828.0;0.0
2;21300;TRANSLATOR_VOID_BLUE;10040;13;10039;20;;;10049;13;10050;20;;;10044.5;0.0
2;21300;TRANSLATOR_SPACE_GRAY;10071;13;10070;20;;;10080;13;10081;20;;;10075.5;0.0
2;21300;TRANSLATOR_ECLIPSE_CHARCOAL;10091;13;10089;20;;;10100;13;10101;20;;;10095.5;0.0
2;21300;TRANSLATOR_ASTRO_BLACK;10026;13;10025;20;;;10035;13;10036;20;;;10030.5;0.0
2;21400;TRANSLATOR_VOID_BLUE;10042;7;10041;17;;;10051;7;10052;17;;;10046.5;0.0
2;21400;TRANSLATOR_ECLIPSE_CHARCOAL;10086;7;10085;17;;;10095;7;10096;17;;;10090.5;0.0
2;21400;TRANSLATOR_GRAPHITE_MIST;9819;7;9818;17;;;9828;7;9829;17;;;9823.5;0.0
2;21400;TRANSLATOR_SPACE_GRAY;10065;7;10064;17;;;10074;7;10075;17;;;10069.5;0.0
2;21400;TRANSLATOR_ASTRO_BLACK;10021;7;10020;17;;;10030;7;10031;17;;;10025.5;0.0
2;21500;TRANSLATOR_GRAPHITE_MIST;9818;11;9817;18;;;9827;11;9828;18;;;9822.5;0.0
2;21500;TRANSLATOR_ECLIPSE_CHARCOAL;10075;11;10074;18;;;10084;11;10085;18;;;10079.5;0.0
2;21500;TRANSLATOR_ASTRO_BLACK;10017;11;10016;18;;;10026;11;10027;18;;;10021.5;0.0
2;21500;TRANSLATOR_VOID_BLUE;10013;11;10012;18;;;10023;11;10024;18;;;10018.0;0.0
2;21500;TRANSLATOR_SPACE_GRAY;10058;11;10057;18;;;10067;11;10068;18;;;10062.5;0.0
2;21600;TRANSLATOR_ECLIPSE_CHARCOAL;10072;15;10071;15;;;10081;15;10082;15;;;10076.5;0.0
2;21600;TRANSLATOR_GRAPHITE_MIST;9833;15;9832;15;;;9842;15;9843;15;;;9837.5;0.0
2;21600;TRANSLATOR_ASTRO_BLACK;10017;15;10016;15;;;10026;15;10027;15;;;10021.5;0.0
2;21600;TRANSLATOR_SPACE_GRAY;10062;15;10061;15;;;10071;15;10072;15;;;10066.5;0.0
2;21600;TRANSLATOR_VOID_BLUE;10034;15;10033;15;;;10043;15;10044;15;;;10038.5;0.0
2;21700;TRANSLATOR_ECLIPSE_CHARCOAL;10073;7;10072;20;;;10082;7;10083;20;;;10077.5;0.0
2;21700;TRANSLATOR_SPACE_GRAY;10071;7;10070;20;;;10080;7;10081;20;;;10075.5;0.0
2;21700;TRANSLATOR_VOID_BLUE;10034;7;10033;20;;;10043;7;10044;20;;;10038.5;0.0
2;21700;TRANSLATOR_ASTRO_BLACK;10028;7;10027;20;;;10037;7;10038;20;;;10032.5;0.0
2;21700;TRANSLATOR_GRAPHITE_MIST;9845;7;9844;20;;;9854;7;9855;20;;;9849.5;0.0
2;21800;TRANSLATOR_SPACE_GRAY;10076;8;10075;15;;;10085;8;10086;15;;;10080.5;0.0
2;21800;TRANSLATOR_ECLIPSE_CHARCOAL;10078;8;10077;15;;;10087;8;10088;15;;;10082.5;0.0
2;21800;TRANSLATOR_ASTRO_BLACK;10020;8;10019;15;;;10029;8;10030;15;;;10024.5;0.0
2;21800;TRANSLATOR_GRAPHITE_MIST;9844;8;9843;15;;;9853;8;9854;15;;;9848.5;0.0
2;21800;TRANSLATOR_VOID_BLUE;10027;8;10026;15;;;10036;8;10037;15;;;10031.5;0.0
2;21900;TRANSLATOR_ASTRO_BLACK;10028;15;10027;18;;;10037;15;10038;18;;;10032.5;0.0
2;21900;TRANSLATOR_SPACE_GRAY;10083;15;10082;18;;;10092;15;10093;18;;;10087.5;0.0
2;21900;TRANSLATOR_VOID_BLUE;10021;15;10020;18;;;10030;15;10031;18;;;10025.5;0.0
2;21900;TRANSLATOR_ECLIPSE_CHARCOAL;10069;15;10068;18;;;10078;15;10079;18;;;10073.5;0.0
2;21900;TRANSLATOR_GRAPHITE_MIST;9837;15;9836;18;;;9845;15;9846;18;;;9841.0;0.0
2;22000;TRANSLATOR_SPACE_GRAY;10081;15;10080;20;;;10090;15;10091;20;;;10085.5;0.0
2;22000;TRANSLATOR_VOID_BLUE;10010;15;10009;20;;;10019;15;10020;20;;;10014.5;0.0
2;22000;TRANSLATOR_ASTRO_BLACK;10032;15;10031;20;;;10042;15;10043;20;;;10037.0;0.0
2;22000;TRANSLATOR_ECLIPSE_CHARCOAL;10074;15;10073;20;;;10083;15;10084;20;;;10078.5;0.0
2;22000;TRANSLATOR_GRAPHITE_MIST;9840;15;9839;20;;;9849;15;9850;20;;;9844.5;0.0
2;22100;TRANSLATOR_SPACE_GRAY;10076;8;10075;21;;;10085;8;10086;21;;;10080.5;0.0
2;22100;TRANSLATOR_ASTRO_BLACK;10043;8;10042;21;;;10052;8;10053;21;;;10047.5;0.0
2;22100;TRANSLATOR_VOID_BLUE;10009;8;10008;21;;;10018;8;10019;21;;;10013.5;0.0
2;22100;TRANSLATOR_GRAPHITE_MIST;9848;8;9847;21;;;9856;8;9857;21;;;9852.0;0.0
2;22100;TRANSLATOR_ECLIPSE_CHARCOAL;10072;8;10071;21;;;10081;8;10082;21;;;10076.5;0.0
2;22200;TRANSLATOR_ASTRO_BLACK;10019;9;10018;20;;;10028;9;10029;20;;;10023.5;0.0
2;22200;TRANSLATOR_GRAPHITE_MIST;9858;9;9857;20;;;9866;9;9867;20;;;9862.0;0.0
2;22200;TRANSLATOR_SPACE_GRAY;10075;9;10074;20;;;10084;9;10085;20;;;10079.5;0.0
2;22200;TRANSLATOR_VOID_BLUE;10013;9;10012;20;;;10022;9;10023;20;;;10017.5;0.0
2;22200;TRANSLATOR_ECLIPSE_CHARCOAL;10071;9;10070;20;;;10080;9;10081;20;;;10075.5;0.0
2;22300;TRANSLATOR_GRAPHITE_MIST;9856;11;9855;22;;;9865;11;9866;22;;;9860.5;0.0
2;22300;TRANSLATOR_VOID_BLUE;10007;11;10006;22;;;10016;11;10017;22;;;10011.5;0.0
2;22300;TRANSLATOR_ECLIPSE_CHARCOAL;10068;11;10067;22;;;10077;11;10078;22;;;10072.5;0.0
2;22300;TRANSLATOR_SPACE_GRAY;10073;11;10072;22;;;10082;11;10083;22;;;10077.5;0.0
2;22300;TRANSLATOR_ASTRO_BLACK;10017;11;10016;22;;;10026;11;10027;22;;;10021.5;0.0
2;22400;TRANSLATOR_VOID_BLUE;10007;10;10006;20;;;10016;10;10017;20;;;10011.5;0.0
2;22400;TRANSLATOR_GRAPHITE_MIST;9866;10;9865;20;;;9874;10;9875;20;;;9870.0;0.0
2;22400;TRANSLATOR_ECLIPSE_CHARCOAL;10056;10;10055;20;;;10065;10;10066;20;;;10060.5;0.0
2;22400;TRANSLATOR_SPACE_GRAY;10080;10;10079;20;;;10089;10;10090;20;;;10084.5;0.0
2;22400;TRANSLATOR_ASTRO_BLACK;10021;10;10020;20;;;10030;10;10031;20;;;10025.5;0.0
2;22500;TRANSLATOR_ECLIPSE_CHARCOAL;10049;13;10048;17;;;10058;13;10059;17;;;10053.5;0.0
2;22500;TRANSLATOR_GRAPHITE_MIST;9870;13;9869;17;;;9879;13;9880;17;;;9874.5;0.0
2;22500;TRANSLATOR_SPACE_GRAY;10094;13;10093;17;;;10103;13;10104;17;;;10098.5;0.0
2;22500;TRANSLATOR_VOID_BLUE;10012;13;10011;17;;;10021;13;10022;17;;;10016.5;0.0
2;22500;TRANSLATOR_ASTRO_BLACK;10035;13;10034;17;;;10044;13;10045;17;;;10039.5;0.0
2;22600;TRANSLATOR_GRAPHITE_MIST;9864;15;9863;22;;;9873;15;9874;22;;;9868.5;0.0
2;22600;TRANSLATOR_ECLIPSE_CHARCOAL;10053;15;10052;22;;;10062;15;10063;22;;;10057.5;0.0
2;22600;TRANSLATOR_SPACE_GRAY;10086;15;10085;22;;;10095;15;10096;22;;;10090.5;0.0
2;22600;TRANSLATOR_ASTRO_BLACK;10039;15;10038;22;;;10048;15;10049;22;;;10043.5;0.0
2;22600;TRANSLATOR_VOID_BLUE;10000;15;9999;22;;;10009;15;10010;22;;;10004.5;0.0
2;22700;TRANSLATOR_ECLIPSE_CHARCOAL;10055;13;10054;20;;;10064;13;10065;20;;;10059.5;0.0
2;22700;TRANSLATOR_ASTRO_BLACK;10038;13;10037;20;;;10047;13;10048;20;;;10042.5;0.0
2;22700;TRANSLATOR_SPACE_GRAY;10082;13;10081;20;;;10091;13;10092;20;;;10086.5;0.0
2;22700;TRANSLATOR_GRAPHITE_MIST;9873;13;9872;20;;;9882;13;9883;20;;;9877.5;0.0
2;22700;TRANSLATOR_VOID_BLUE;10002;13;10001;20;;;10011;13;10012;20;;;10006.5;0.0
2;22800;TRANSLATOR_ECLIPSE_CHARCOAL;10071;13;10070;19;;;10080;13;10081;19;;;10075.5;0.0
2;22800;TRANSLATOR_SPACE_GRAY;10064;13;10063;19;;;10073;13;10074;19;;;10068.5;0.0
2;22800;TRANSLATOR_VOID_BLUE;9999;13;9998;19;;;10008;13;10009;19;;;10003.5;0.0
2;22800;TRANSLATOR_ASTRO_BLACK;10046;13;10045;19;;;10055;13;10056;19;;;10050.5;0.0
2;22800;TRANSLATOR_GRAPHITE_MIST;9872;13;9871;19;;;9881;13;9882;19;;;9876.5;0.0
2;22900;TRANSLATOR_ECLIPSE_CHARCOAL;10076;9;10075;17;;;10085;9;10086;17;;;10080.5;0.0
2;22900;TRANSLATOR_SPACE_GRAY;10065;9;10064;17;;;10074;9;10075;17;;;10069.5;0.0
2;22900;TRANSLATOR_ASTRO_BLACK;10058;9;10057;17;;;10067;9;10068;17;;;10062.5;0.0
2;22900;TRANSLATOR_GRAPHITE_MIST;9879;9;9878;17;;;9888;9;9889;17;;;9883.5;0.0
2;22900;TRANSLATOR_VOID_BLUE;10011;9;10010;17;;;10020;9;10021;17;;;10015.5;0.0
2;23000;TRANSLATOR_ASTRO_BLACK;10053;8;10052;21;;;10062;8;10063;21;;;10057.5;0.0
2;23000;TRANSLATOR_SPACE_GRAY;10057;8;10056;21;;;10066;8;10067;21;;;10061.5;0.0
2;23000;TRANSLATOR_VOID_BLUE;10019;8;10018;21;;;10028;8;10029;21;;;10023.5;0.0
2;23000;TRANSLATOR_ECLIPSE_CHARCOAL;10065;8;10064;21;;;10074;8;10075;21;;;10069.5;0.0
2;23000;TRANSLATOR_GRAPHITE_MIST;9884;8;9883;21;;;9893;8;9894;21;;;9888.5;0.0
2;23100;TRANSLATOR_SPACE_GRAY;10052;10;10051;16;;;10061;10;10062;16;;;10056.5;0.0
2;23100;TRANSLATOR_ASTRO_BLACK;10065;10;10064;16;;;10074;10;10075;16;;;10069.5;0.0
2;23100;TRANSLATOR_VOID_BLUE;10023;10;10022;16;;;10032;10;10033;16;;;10027.5;0.0
2;23100;TRANSLATOR_GRAPHITE_MIST;9873;10;9872;16;;;9882;10;9883;16;;;9877.5;0.0
2;23100;TRANSLATOR_ECLIPSE_CHARCOAL;10077;10;10076;16;;;10086;10;10087;16;;;10081.5;0.0
2;23200;TRANSLATOR_SPACE_GRAY;10045;10;10044;18;;;10054;10;10055;18;;;10049.5;0.0
2;23200;TRANSLATOR_ASTRO_BLACK;10050;10;10049;18;;;10059;10;10060;18;;;10054.5;0.0
2;23200;TRANSLATOR_GRAPHITE_MIST;9881;10;9880;18;;;9890;10;9891;18;;;9885.5;0.0
2;23200;TRANSLATOR_VOID_BLUE;10031;10;10030;18;;;10040;10;10041;18;;;10035.5;0.0
2;23200;TRANSLATOR_ECLIPSE_CHARCOAL;10070;10;10069;18;;;10079;10;10080;18;;;10074.5;0.0
2;23300;TRANSLATOR_VOID_BLUE;10034;7;10033;18;;;10043;7;10044;18;;;10038.5;0.0
2;23300;TRANSLATOR_ASTRO_BLACK;10038;7;10037;18;;;10047;7;10048;18;;;10042.5;0.0
2;23300;TRANSLATOR_GRAPHITE_MIST;9870;7;9869;18;;;9879;7;9880;18;;;9874.5;0.0
2;23300;TRANSLATOR_ECLIPSE_CHARCOAL;10080;7;10079;18;;;10089;7;10090;18;;;10084.5;0.0
2;23300;TRANSLATOR_SPACE_GRAY;10044;7;10043;18;;;10053;7;10054;18;;;10048.5;0.0
2;23400;TRANSLATOR_GRAPHITE_MIST;9856;7;9855;18;;;9865;7;9866;18;;;9860.5;0.0
2;23400;TRANSLATOR_VOID_BLUE;10026;7;10025;18;;;10035;7;10036;18;;;10030.5;0.0
2;23400;TRANSLATOR_ECLIPSE_CHARCOAL;10074;7;10073;18;;;10083;7;10084;18;;;10078.5;0.0
2;23400;TRANSLATOR_SPACE_GRAY;10031;7;10030;18;;;10040;7;10041;18;;;10035.5;0.0
2;23400;TRANSLATOR_ASTRO_BLACK;10031;7;10030;18;;;10040;7;10041;18;;;10035.5;0.0
2;23500;TRANSLATOR_VOID_BLUE;10019;7;10018;17;;;10028;7;10029;17;;;10023.5;0.0
2;23500;TRANSLATOR_ECLIPSE_CHARCOAL;10062;7;10061;17;;;10071;7;10072;17;;;10066.5;0.0
2;23500;TRANSLATOR_GRAPHITE_MIST;9859;7;9858;17;;;9868;7;9869;17;;;9863.5;0.0
2;23500;TRANSLATOR_ASTRO_BLACK;10031;7;10030;17;;;10040;7;10041;17;;;10035.5;0.0
2;23500;TRANSLATOR_SPACE_GRAY;10030;7;10029;17;;;10039;7;10040;17;;;10034.5;0.0
2;23600;TRANSLATOR_ECLIPSE_CHARCOAL;10057;8;10056;16;;;10066;8;10067;16;;;10061.5;0.0
2;23600;TRANSLATOR_GRAPHITE_MIST;9863;8;9862;16;;;9872;8;9873;16;;;9867.5;0.0
2;23600;TRANSLATOR_SPACE_GRAY;10034;8;10033;16;;;10043;8;10044;16;;;10038.5;0.0
2;23600;TRANSLATOR_VOID_BLUE;10008;8;10007;16;;;10017;8;10018;16;;;10012.5;0.0
2;23600;TRANSLATOR_ASTRO_BLACK;10042;8;10041;16;;;10051;8;10052;16;;;10046.5;0.0
2;23700;TRANSLATOR_GRAPHITE_MIST;9859;15;9858;15;;;9868;15;9869;15;;;9863.5;0.0
2;23700;TRANSLATOR_ECLIPSE_CHARCOAL;10050;15;10049;15;;;10059;15;10060;15;;;10054.5;0.0
2;23700;TRANSLATOR_SPACE_GRAY;10032;15;10031;15;;;10041;15;10042;15;;;10036.5;0.0
2;23700;TRANSLATOR_ASTRO_BLACK;10041;15;10040;15;;;10050;15;10051;15;;;10045.5;0.0
2;23700;TRANSLATOR_VOID_BLUE;10000;15;9999;15;;;10009;15;10010;15;;;10004.5;0.0
2;23800;TRANSLATOR_ECLIPSE_CHARCOAL;10010;11;10009;15;;;10019;11;10020;15;;;10014.5;0.0
2;23800;TRANSLATOR_ASTRO_BLACK;10027;11;10026;15;;;10036;11;10037;15;;;10031.5;0.0
2;23800;TRANSLATOR_GRAPHITE_MIST;9859;11;9858;15;;;9868;11;9869;15;;;9863.5;0.0
2;23800;TRANSLATOR_SPACE_GRAY;10024;11;10023;15;;;10033;11;10034;15;;;10028.5;0.0
2;23800;TRANSLATOR_VOID_BLUE;10003;11;10002;15;;;10012;11;10013;15;;;10007.5;0.0
2;23900;TRANSLATOR_ECLIPSE_CHARCOAL;9996;8;9995;16;;;10005;8;10006;16;;;10000.5;0.0
2;23900;TRANSLATOR_SPACE_GRAY;10033;8;10032;16;;;10042;8;10043;16;;;10037.5;0.0
2;23900;TRANSLATOR_ASTRO_BLACK;10033;8;10032;16;;;10042;8;10043;16;;;10037.5;0.0
2;23900;TRANSLATOR_GRAPHITE_MIST;9853;8;9852;16;;;9862;8;9863;16;;;9857.5;0.0
2;23900;TRANSLATOR_VOID_BLUE;9999;8;9998;16;;;10008;8;10009;16;;;10003.5;0.0
2;24000;TRANSLATOR_ECLIPSE_CHARCOAL;10013;11;10012;18;;;10022;11;10023;18;;;10017.5;0.0
2;24000;TRANSLATOR_SPACE_GRAY;10032;11;10031;18;;;10041;11;10042;18;;;10036.5;0.0
2;24000;TRANSLATOR_ASTRO_BLACK;10019;11;10018;18;;;10028;11;10029;18;;;10023.5;0.0
2;24000;TRANSLATOR_VOID_BLUE;9992;11;9991;18;;;10001;11;10002;18;;;9996.5;0.0
2;24000;TRANSLATOR_GRAPHITE_MIST;9853;11;9852;18;;;9862;11;9863;18;;;9857.5;0.0
2;24100;TRANSLATOR_SPACE_GRAY;10040;15;10039;15;;;10049;15;10050;15;;;10044.5;0.0
2;24100;TRANSLATOR_VOID_BLUE;10005;15;10004;15;;;10014;15;10015;15;;;10009.5;0.0
2;24100;TRANSLATOR_ASTRO_BLACK;10022;15;10021;15;;;10031;15;10032;15;;;10026.5;0.0
2;24100;TRANSLATOR_ECLIPSE_CHARCOAL;10005;15;10004;15;;;10014;15;10015;15;;;10009.5;0.0
2;24100;TRANSLATOR_GRAPHITE_MIST;9860;15;9859;15;;;9869;15;9870;15;;;9864.5;0.0
2;24200;TRANSLATOR_SPACE_GRAY;10042;9;10041;18;;;10051;9;10052;18;;;10046.5;0.0
2;24200;TRANSLATOR_ASTRO_BLACK;10035;9;10034;18;;;10044;9;10045;18;;;10039.5;0.0
2;24200;TRANSLATOR_VOID_BLUE;9998;9;9997;18;;;10007;9;10008;18;;;10002.5;0.0
2;24200;TRANSLATOR_GRAPHITE_MIST;9860;9;9859;18;;;9869;9;9870;18;;;9864.5;0.0
2;24200;TRANSLATOR_ECLIPSE_CHARCOAL;9990;9;9989;18;;;9999;9;10000;18;;;9994.5;0.0
2;24300;TRANSLATOR_ASTRO_BLACK;10047;7;10046;19;;;10056;7;10057;19;;;10051.5;0.0
2;24300;TRANSLATOR_GRAPHITE_MIST;9869;7;9868;19;;;9878;7;9879;19;;;9873.5;0.0
2;24300;TRANSLATOR_SPACE_GRAY;10055;7;10054;19;;;10064;7;10065;19;;;10059.5;0.0
2;24300;TRANSLATOR_VOID_BLUE;9994;7;9993;19;;;10003;7;10004;19;;;9998.5;0.0
2;24300;TRANSLATOR_ECLIPSE_CHARCOAL;9993;7;9992;19;;;10002;7;10003;19;;;9997.5;0.0
2;24400;TRANSLATOR_ASTRO_BLACK;10062;11;10061;20;;;10071;11;10072;20;;;10066.5;0.0
2;24400;TRANSLATOR_GRAPHITE_MIST;9870;11;9869;20;;;9879;11;9880;20;;;9874.5;0.0
2;24400;TRANSLATOR_VOID_BLUE;9973;11;9972;20;;;9982;11;9983;20;;;9977.5;0.0
2;24400;TRANSLATOR_ECLIPSE_CHARCOAL;9996;11;9995;20;;;10005;11;10006;20;;;10000.5;0.0
2;24400;TRANSLATOR_SPACE_GRAY;10052;11;10051;20;;;10061;11;10062;20;;;10056.5;0.0
2;24500;TRANSLATOR_GRAPHITE_MIST;9865;13;9864;17;;;9874;13;9875;17;;;9869.5;0.0
2;24500;TRANSLATOR_VOID_BLUE;9975;13;9974;17;;;9984;13;9985;17;;;9979.5;0.0
2;24500;TRANSLATOR_ECLIPSE_CHARCOAL;9990;13;9989;17;;;9999;13;10000;17;;;9994.5;0.0
2;24500;TRANSLATOR_SPACE_GRAY;10044;13;10043;17;;;10053;13;10054;17;;;10048.5;0.0
2;24500;TRANSLATOR_ASTRO_BLACK;10042;13;10041;17;;;10051;13;10052;17;;;10046.5;0.0
2;24600;TRANSLATOR_VOID_BLUE;9982;9;9981;22;;;9991;9;9992;22;;;9986.5;0.0
2;24600;TRANSLATOR_ECLIPSE_CHARCOAL;9978;9;9977;22;;;9987;9;9988;22;;;9982.5;0.0
2;24600;TRANSLATOR_GRAPHITE_MIST;9869;9;9868;22;;;9878;9;9879;22;;;9873.5;0.0
2;24600;TRANSLATOR_ASTRO_BLACK;10057;9;10056;22;;;10066;9;10067;22;;;10061.5;0.0
2;24600;TRANSLATOR_SPACE_GRAY;10036;9;10035;22;;;10045;9;10046;22;;;10040.5;0.0
2;24700;TRANSLATOR_GRAPHITE_MIST;9862;13;9861;18;;;9870;13;9871;18;;;9866.0;0.0
2;24700;TRANSLATOR_ECLIPSE_CHARCOAL;9966;13;9965;18;;;9975;13;9976;18;;;9970.5;0.0
2;24700;TRANSLATOR_SPACE_GRAY;10049;13;10048;18;;;10058;13;10059;18;;;10053.5;0.0
2;24700;TRANSLATOR_ASTRO_BLACK;10045;13;10044;18;;;10054;13;10055;18;;;10049.5;0.0
2;24700;TRANSLATOR_VOID_BLUE;9977;13;9976;18;;;9986;13;9987;18;;;9981.5;0.0
2;24800;TRANSLATOR_ECLIPSE_CHARCOAL;9972;11;9971;15;;;9981;11;9982;15;;;9976.5;0.0
2;24800;TRANSLATOR_SPACE_GRAY;10053;11;10052;15;;;10062;11;10063;15;;;10057.5;0.0
2;24800;TRANSLATOR_ASTRO_BLACK;10050;11;10049;15;;;10059;11;10060;15;;;10054.5;0.0
