day;timestamp;product;bid_price_1;bid_volume_1;bid_price_2;bid_volume_2;bid_price_3;bid_volume_3;ask_price_1;ask_volume_1;ask_price_2;ask_volume_2;ask_price_3;ask_volume_3;mid_price;profit_and_loss
4;0;TRANSLATOR_SPACE_GRAY;10114;9;10113;18;;;10123;9;10124;18;;;10118.5;0.0
4;0;TRANSLATOR_ECLIPSE_CHARCOAL;9609;9;9608;18;;;9618;9;9619;18;;;9613.5;0.0
4;0;TRANSLATOR_ASTRO_BLACK;9156;9;9155;18;;;9164;9;9165;18;;;9160.0;0.0
4;0;TRANSLATOR_GRAPHITE_MIST;11048;9;11047;18;;;11058;9;11059;18;;;11053.0;0.0
4;0;TRANSLATOR_VOID_BLUE;10688;9;10687;18;;;10698;9;10699;18;;;10693.0;0.0
4;100;TRANSLATOR_SPACE_GRAY;10116;11;10115;15;;;10125;11;10126;15;;;10120.5;0.0
4;100;TRANSLATOR_ECLIPSE_CHARCOAL;9615;11;9614;15;;;9624;11;9625;15;;;9619.5;0.0
4;100;TRANSLATOR_ASTRO_BLACK;9156;11;9155;15;;;9164;11;9165;15;;;9160.0;0.0
4;100;TRANSLATOR_GRAPHITE_MIST;11036;11;11035;15;;;11046;11;11047;15;;;11041.0;0.0
4;100;TRANSLATOR_VOID_BLUE;10717;11;10716;15;;;10727;11;10728;15;;;10722.0;0.0
4;200;TRANSLATOR_SPACE_GRAY;10121;12;10120;17;;;10130;12;10131;17;;;10125.5;0.0
4;200;TRANSLATOR_ASTRO_BLACK;9163;12;9162;17;;;9171;12;9172;17;;;9167.0;0.0
4;200;TRANSLATOR_ECLIPSE_CHARCOAL;9612;12;9611;17;;;9620;12;9621;17;;;9616.0;0.0
4;200;TRANSLATOR_GRAPHITE_MIST;11028;12;11027;17;;;11038;12;11039;17;;;11033.0;0.0
4;200;TRANSLATOR_VOID_BLUE;10736;12;10735;17;;;10746;12;10747;17;;;10741.0;0.0
4;300;TRANSLATOR_ASTRO_BLACK;9162;10;9161;17;;;9171;27;;;;;9166.5;0.0
4;300;TRANSLATOR_VOID_BLUE;10739;10;10738;17;;;10749;10;10750;17;;;10744.0;0.0
4;300;TRANSLATOR_SPACE_GRAY;10102;10;10101;17;;;10111;10;10112;17;;;10106.5;0.0
4;300;TRANSLATOR_ECLIPSE_CHARCOAL;9632;10;9631;17;;;9641;10;9642;17;;;9636.5;0.0
4;300;TRANSLATOR_GRAPHITE_MIST;11033;10;11032;17;;;11043;10;11044;17;;;11038.0;0.0
4;400;TRANSLATOR_GRAPHITE_MIST;11041;14;11039;20;;;11050;14;11051;20;;;11045.5;0.0
4;400;TRANSLATOR_VOID_BLUE;10733;14;10732;20;;;10742;14;10743;20;;;10737.5;0.0
4;400;TRANSLATOR_ASTRO_BLACK;9180;14;9179;20;;;9189;34;;;;;9184.5;0.0
4;400;TRANSLATOR_SPACE_GRAY;10094;14;10093;20;;;10103;14;10104;20;;;10098.5;0.0
4;400;TRANSLATOR_ECLIPSE_CHARCOAL;9634;14;9633;20;;;9643;14;9644;20;;;9638.5;0.0
4;500;TRANSLATOR_GRAPHITE_MIST;11047;8;11046;22;;;11057;8;11058;22;;;11052.0;0.0
4;500;TRANSLATOR_ASTRO_BLACK;9168;8;9167;22;;;9177;8;9178;22;;;9172.5;0.0
4;500;TRANSLATOR_VOID_BLUE;10730;8;10729;22;;;10740;8;10741;22;;;10735.0;0.0
4;500;TRANSLATOR_SPACE_GRAY;10081;8;10080;22;;;10090;8;10091;22;;;10085.5;0.0
4;500;TRANSLATOR_ECLIPSE_CHARCOAL;9625;8;9624;22;;;9633;8;9634;22;;;9629.0;0.0
4;600;TRANSLATOR_GRAPHITE_MIST;11053;12;11052;20;;;11063;12;11064;20;;;11058.0;0.0
4;600;TRANSLATOR_VOID_BLUE;10752;12;10751;20;;;10762;12;10763;20;;;10757.0;0.0
4;600;TRANSLATOR_SPACE_GRAY;10087;12;10086;20;;;10096;12;10097;20;;;10091.5;0.0
4;600;TRANSLATOR_ASTRO_BLACK;9169;12;9168;20;;;9177;12;9178;20;;;9173.0;0.0
4;600;TRANSLATOR_ECLIPSE_CHARCOAL;9634;32;;;;;9643;12;9644;20;;;9638.5;0.0
4;700;TRANSLATOR_ECLIPSE_CHARCOAL;9654;10;9653;17;;;9663;10;9664;17;;;9658.5;0.0
4;700;TRANSLATOR_GRAPHITE_MIST;11034;10;11033;17;;;11044;10;11045;17;;;11039.0;0.0
4;700;TRANSLATOR_VOID_BLUE;10756;10;10754;17;;;10765;10;10766;17;;;10760.5;0.0
4;700;TRANSLATOR_SPACE_GRAY;10081;10;10080;17;;;10090;10;10091;17;;;10085.5;0.0
4;700;TRANSLATOR_ASTRO_BLACK;9168;10;9167;17;;;9176;10;9177;17;;;9172.0;0.0
4;800;TRANSLATOR_ECLIPSE_CHARCOAL;9624;15;9623;22;;;9633;15;9634;22;;;9628.5;0.0
4;800;TRANSLATOR_GRAPHITE_MIST;11036;15;11035;22;;;11046;15;11047;22;;;11041.0;0.0
4;800;TRANSLATOR_ASTRO_BLACK;9160;15;9159;22;;;9169;15;9170;22;;;9164.5;0.0
4;800;TRANSLATOR_VOID_BLUE;10758;15;10757;22;;;10767;15;10768;22;;;10762.5;0.0
4;800;TRANSLATOR_SPACE_GRAY;10077;15;10076;22;;;10086;15;10087;22;;;10081.5;0.0
4;900;TRANSLATOR_ECLIPSE_CHARCOAL;9635;10;9634;16;;;9644;10;9645;16;;;9639.5;0.0
4;900;TRANSLATOR_GRAPHITE_MIST;11035;10;11033;16;;;11044;10;11046;16;;;11039.5;0.0
4;900;TRANSLATOR_VOID_BLUE;10763;10;10762;16;;;10773;10;10774;16;;;10768.0;0.0
4;900;TRANSLATOR_ASTRO_BLACK;9165;10;9164;16;;;9173;10;9174;16;;;9169.0;0.0
4;900;TRANSLATOR_SPACE_GRAY;10091;10;10090;16;;;10100;10;10101;16;;;10095.5;0.0
4;1000;TRANSLATOR_SPACE_GRAY;10100;8;10098;15;;;10109;8;10110;15;;;10104.5;0.0
4;1000;TRANSLATOR_ECLIPSE_CHARCOAL;9638;8;9637;15;;;9647;8;9648;15;;;9642.5;0.0
4;1000;TRANSLATOR_VOID_BLUE;10780;8;10779;15;;;10789;8;10790;15;;;10784.5;0.0
4;1000;TRANSLATOR_GRAPHITE_MIST;11039;8;11038;15;;;11049;8;11050;15;;;11044.0;0.0
4;1000;TRANSLATOR_ASTRO_BLACK;9155;23;;;;;9164;8;9165;15;;;9159.5;0.0
4;1100;TRANSLATOR_SPACE_GRAY;10102;10;10101;22;;;10111;10;10112;22;;;10106.5;0.0
4;1100;TRANSLATOR_ASTRO_BLACK;9155;32;;;;;9164;10;9165;22;;;9159.5;0.0
4;1100;TRANSLATOR_ECLIPSE_CHARCOAL;9631;10;9630;22;;;9640;10;9641;22;;;9635.5;0.0
4;1100;TRANSLATOR_GRAPHITE_MIST;11050;10;11048;22;;;11059;10;11061;22;;;11054.5;0.0
4;1100;TRANSLATOR_VOID_BLUE;10758;10;10757;22;;;10768;10;10769;22;;;10763.0;0.0
4;1200;TRANSLATOR_SPACE_GRAY;10103;8;10102;19;;;10112;8;10113;19;;;10107.5;0.0
4;1200;TRANSLATOR_ASTRO_BLACK;9143;27;;;;;9152;8;9153;19;;;9147.5;0.0
4;1200;TRANSLATOR_ECLIPSE_CHARCOAL;9638;8;9637;19;;;9647;8;9648;19;;;9642.5;0.0
4;1200;TRANSLATOR_VOID_BLUE;10759;8;10758;19;;;10768;8;10769;19;;;10763.5;0.0
4;1200;TRANSLATOR_GRAPHITE_MIST;11043;8;11042;19;;;11053;8;11054;19;;;11048.0;0.0
4;1300;TRANSLATOR_VOID_BLUE;10757;7;10756;22;;;10766;7;10767;22;;;10761.5;0.0
4;1300;TRANSLATOR_SPACE_GRAY;10109;7;10108;22;;;10118;7;10119;22;;;10113.5;0.0
4;1300;TRANSLATOR_ASTRO_BLACK;9140;7;9139;22;;;9149;29;;;;;9144.5;0.0
4;1300;TRANSLATOR_ECLIPSE_CHARCOAL;9638;7;9637;22;;;9646;7;9647;22;;;9642.0;0.0
4;1300;TRANSLATOR_GRAPHITE_MIST;11050;7;11049;22;;;11060;7;11061;22;;;11055.0;0.0
4;1400;TRANSLATOR_ASTRO_BLACK;9123;12;9122;20;;;9131;12;9132;20;;;9127.0;0.0
4;1400;TRANSLATOR_VOID_BLUE;10770;12;10769;20;;;10779;12;10781;20;;;10774.5;0.0
4;1400;TRANSLATOR_SPACE_GRAY;10106;12;10105;20;;;10115;12;10116;20;;;10110.5;0.0
4;1400;TRANSLATOR_ECLIPSE_CHARCOAL;9636;12;9635;20;;;9645;12;9646;20;;;9640.5;0.0
4;1400;TRANSLATOR_GRAPHITE_MIST;11057;12;11056;20;;;11067;12;11068;20;;;11062.0;0.0
4;1500;TRANSLATOR_VOID_BLUE;10770;15;10769;17;;;10779;15;10780;17;;;10774.5;0.0
4;1500;TRANSLATOR_GRAPHITE_MIST;11057;15;11056;17;;;11067;15;11068;17;;;11062.0;0.0
4;1500;TRANSLATOR_ASTRO_BLACK;9120;15;9119;17;;;9128;15;9129;17;;;9124.0;0.0
4;1500;TRANSLATOR_SPACE_GRAY;10114;15;10113;17;;;10123;15;10124;17;;;10118.5;0.0
4;1500;TRANSLATOR_ECLIPSE_CHARCOAL;9629;15;9628;17;;;9638;15;9639;17;;;9633.5;0.0
4;1600;TRANSLATOR_GRAPHITE_MIST;11078;10;11076;19;;;11087;10;11089;19;;;11082.5;0.0
4;1600;TRANSLATOR_VOID_BLUE;10767;10;10766;19;;;10776;10;10777;19;;;10771.5;0.0
4;1600;TRANSLATOR_SPACE_GRAY;10100;10;10099;19;;;10109;10;10110;19;;;10104.5;0.0
4;1600;TRANSLATOR_ECLIPSE_CHARCOAL;9623;10;9622;19;;;9632;29;;;;;9627.5;0.0
4;1600;TRANSLATOR_ASTRO_BLACK;9119;10;9118;19;;;9127;10;9128;19;;;9123.0;0.0
4;1700;TRANSLATOR_GRAPHITE_MIST;11077;9;11076;21;;;11087;9;11088;21;;;11082.0;0.0
4;1700;TRANSLATOR_VOID_BLUE;10769;9;10768;21;;;10779;9;10780;21;;;10774.0;0.0
4;1700;TRANSLATOR_SPACE_GRAY;10104;9;10103;21;;;10113;9;10114;21;;;10108.5;0.0
4;1700;TRANSLATOR_ECLIPSE_CHARCOAL;9609;9;9608;21;;;9618;9;9619;21;;;9613.5;0.0
4;1700;TRANSLATOR_ASTRO_BLACK;9121;9;9120;21;;;9129;9;9130;21;;;9125.0;0.0
4;1800;TRANSLATOR_ECLIPSE_CHARCOAL;9609;12;9608;17;;;9618;12;9619;17;;;9613.5;0.0
4;1800;TRANSLATOR_GRAPHITE_MIST;11091;12;11090;17;;;11101;12;11102;17;;;11096.0;0.0
4;1800;TRANSLATOR_VOID_BLUE;10777;12;10776;17;;;10787;12;10788;17;;;10782.0;0.0
4;1800;TRANSLATOR_SPACE_GRAY;10088;12;10087;17;;;10097;12;10098;17;;;10092.5;0.0
4;1800;TRANSLATOR_ASTRO_BLACK;9107;12;9106;17;;;9115;12;9116;17;;;9111.0;0.0
4;1900;TRANSLATOR_ECLIPSE_CHARCOAL;9622;11;9621;21;;;9631;11;9632;21;;;9626.5;0.0
4;1900;TRANSLATOR_GRAPHITE_MIST;11099;11;11098;21;;;11109;11;11110;21;;;11104.0;0.0
4;1900;TRANSLATOR_ASTRO_BLACK;9108;11;9107;21;;;9117;32;;;;;9112.5;0.0
4;1900;TRANSLATOR_VOID_BLUE;10767;11;10765;21;;;10776;11;10777;21;;;10771.5;0.0
4;1900;TRANSLATOR_SPACE_GRAY;10102;11;10101;21;;;10111;11;10112;21;;;10106.5;0.0
4;2000;TRANSLATOR_ECLIPSE_CHARCOAL;9616;13;9615;15;;;9625;13;9626;15;;;9620.5;0.0
4;2000;TRANSLATOR_VOID_BLUE;10755;13;10754;15;;;10765;13;10766;15;;;10760.0;0.0
4;2000;TRANSLATOR_GRAPHITE_MIST;11097;13;11096;15;;;11107;13;11108;15;;;11102.0;0.0
4;2000;TRANSLATOR_ASTRO_BLACK;9105;13;9104;15;;;9113;13;9114;15;;;9109.0;0.0
4;2000;TRANSLATOR_SPACE_GRAY;10098;13;10097;15;;;10107;13;10108;15;;;10102.5;0.0
4;2100;TRANSLATOR_SPACE_GRAY;10099;15;10098;21;;;10108;15;10109;21;;;10103.5;0.0
4;2100;TRANSLATOR_ECLIPSE_CHARCOAL;9607;15;9606;21;;;9616;15;9617;21;;;9611.5;0.0
4;2100;TRANSLATOR_GRAPHITE_MIST;11094;15;11093;21;;;11104;15;11105;21;;;11099.0;0.0
4;2100;TRANSLATOR_ASTRO_BLACK;9114;15;9113;21;;;9122;15;9123;21;;;9118.0;0.0
4;2100;TRANSLATOR_VOID_BLUE;10766;15;10765;21;;;10776;15;10777;21;;;10771.0;0.0
4;2200;TRANSLATOR_SPACE_GRAY;10097;9;10096;22;;;10106;9;10107;22;;;10101.5;0.0
4;2200;TRANSLATOR_ECLIPSE_CHARCOAL;9601;9;9600;22;;;9610;9;9611;22;;;9605.5;0.0
4;2200;TRANSLATOR_ASTRO_BLACK;9100;31;;;;;9109;9;9110;22;;;9104.5;0.0
4;2200;TRANSLATOR_GRAPHITE_MIST;11087;9;11086;22;;;11097;9;11098;22;;;11092.0;0.0
4;2200;TRANSLATOR_VOID_BLUE;10779;9;10778;22;;;10789;9;10790;22;;;10784.0;0.0
4;2300;TRANSLATOR_SPACE_GRAY;10088;7;10087;16;;;10097;7;10098;16;;;10092.5;0.0
4;2300;TRANSLATOR_ASTRO_BLACK;9117;7;9116;16;;;9125;7;9126;16;;;9121.0;0.0
4;2300;TRANSLATOR_ECLIPSE_CHARCOAL;9605;7;9604;16;;;9614;7;9615;16;;;9609.5;0.0
4;2300;TRANSLATOR_GRAPHITE_MIST;11073;7;11072;16;;;11082;7;11084;16;;;11077.5;0.0
4;2300;TRANSLATOR_VOID_BLUE;10779;7;10778;16;;;10789;7;10790;16;;;10784.0;0.0
4;2400;TRANSLATOR_ASTRO_BLACK;9117;10;9116;16;;;9125;10;9126;16;;;9121.0;0.0
4;2400;TRANSLATOR_VOID_BLUE;10781;10;10780;16;;;10790;10;10791;16;;;10785.5;0.0
4;2400;TRANSLATOR_SPACE_GRAY;10064;10;10063;16;;;10073;10;10074;16;;;10068.5;0.0
4;2400;TRANSLATOR_ECLIPSE_CHARCOAL;9597;10;9596;16;;;9606;10;9607;16;;;9601.5;0.0
4;2400;TRANSLATOR_GRAPHITE_MIST;11069;10;11068;16;;;11079;10;11080;16;;;11074.0;0.0
4;2500;TRANSLATOR_VOID_BLUE;10781;10;10780;19;;;10791;10;10792;19;;;10786.0;0.0
4;2500;TRANSLATOR_ASTRO_BLACK;9113;10;9112;19;;;9122;29;;;;;9117.5;0.0
4;2500;TRANSLATOR_SPACE_GRAY;10056;10;10055;19;;;10065;10;10066;19;;;10060.5;0.0
4;2500;TRANSLATOR_ECLIPSE_CHARCOAL;9594;10;9593;19;;;9602;10;9603;19;;;9598.0;0.0
4;2500;TRANSLATOR_GRAPHITE_MIST;11061;10;11060;19;;;11070;10;11072;19;;;11065.5;0.0
4;2600;TRANSLATOR_GRAPHITE_MIST;11075;8;11074;20;;;11085;8;11086;20;;;11080.0;0.0
4;2600;TRANSLATOR_VOID_BLUE;10789;8;10788;20;;;10798;8;10799;20;;;10793.5;0.0
4;2600;TRANSLATOR_ASTRO_BLACK;9129;28;;;;;9138;8;9139;20;;;9133.5;0.0
4;2600;TRANSLATOR_SPACE_GRAY;10053;8;10052;20;;;10062;8;10063;20;;;10057.5;0.0
4;2600;TRANSLATOR_ECLIPSE_CHARCOAL;9594;8;9593;20;;;9603;8;9604;20;;;9598.5;0.0
4;2700;TRANSLATOR_GRAPHITE_MIST;11079;12;11078;22;;;11089;12;11090;22;;;11084.0;0.0
4;2700;TRANSLATOR_VOID_BLUE;10782;12;10781;22;;;10792;12;10793;22;;;10787.0;0.0
4;2700;TRANSLATOR_SPACE_GRAY;10036;12;10035;22;;;10045;12;10046;22;;;10040.5;0.0
4;2700;TRANSLATOR_ECLIPSE_CHARCOAL;9577;12;9576;22;;;9585;12;9586;22;;;9581.0;0.0
4;2700;TRANSLATOR_ASTRO_BLACK;9138;12;9137;22;;;9146;12;9147;22;;;9142.0;0.0
4;2800;TRANSLATOR_ECLIPSE_CHARCOAL;9588;8;9587;17;;;9596;8;9597;17;;;9592.0;0.0
4;2800;TRANSLATOR_VOID_BLUE;10784;8;10782;17;;;10793;8;10794;17;;;10788.5;0.0
4;2800;TRANSLATOR_GRAPHITE_MIST;11073;8;11072;17;;;11083;8;11084;17;;;11078.0;0.0
4;2800;TRANSLATOR_SPACE_GRAY;10032;8;10031;17;;;10041;8;10042;17;;;10036.5;0.0
4;2800;TRANSLATOR_ASTRO_BLACK;9156;8;9155;17;;;9164;8;9165;17;;;9160.0;0.0
4;2900;TRANSLATOR_ECLIPSE_CHARCOAL;9597;7;9596;20;;;9605;7;9606;20;;;9601.0;0.0
4;2900;TRANSLATOR_GRAPHITE_MIST;11074;7;11073;20;;;11084;7;11085;20;;;11079.0;0.0
4;2900;TRANSLATOR_VOID_BLUE;10782;7;10781;20;;;10792;7;10793;20;;;10787.0;0.0
4;2900;TRANSLATOR_SPACE_GRAY;10041;7;10040;20;;;10050;7;10051;20;;;10045.5;0.0
4;2900;TRANSLATOR_ASTRO_BLACK;9148;7;9147;20;;;9156;7;9157;20;;;9152.0;0.0
4;3000;TRANSLATOR_ECLIPSE_CHARCOAL;9607;28;;;;;9616;11;9617;17;;;9611.5;0.0
4;3000;TRANSLATOR_GRAPHITE_MIST;11069;11;11068;17;;;11079;11;11080;17;;;11074.0;0.0
4;3000;TRANSLATOR_ASTRO_BLACK;9173;11;9172;17;;;9181;11;9182;17;;;9177.0;0.0
4;3000;TRANSLATOR_VOID_BLUE;10770;11;10769;17;;;10779;11;10780;17;;;10774.5;0.0
4;3000;TRANSLATOR_SPACE_GRAY;10028;11;10027;17;;;10037;11;10038;17;;;10032.5;0.0
4;3100;TRANSLATOR_ECLIPSE_CHARCOAL;9612;12;9611;22;;;9620;12;9621;22;;;9616.0;0.0
4;3100;TRANSLATOR_VOID_BLUE;10781;12;10780;22;;;10791;12;10792;22;;;10786.0;0.0
4;3100;TRANSLATOR_GRAPHITE_MIST;11084;12;11083;22;;;11094;12;11095;22;;;11089.0;0.0
4;3100;TRANSLATOR_ASTRO_BLACK;9185;34;;;;;9194;12;9195;22;;;9189.5;0.0
4;3100;TRANSLATOR_SPACE_GRAY;10019;12;10018;22;;;10028;12;10029;22;;;10023.5;0.0
4;3200;TRANSLATOR_SPACE_GRAY;10033;9;10032;18;;;10042;9;10043;18;;;10037.5;0.0
4;3200;TRANSLATOR_ASTRO_BLACK;9187;9;9186;18;;;9195;9;9196;18;;;9191.0;0.0
4;3200;TRANSLATOR_ECLIPSE_CHARCOAL;9614;9;9613;18;;;9623;9;9624;18;;;9618.5;0.0
4;3200;TRANSLATOR_GRAPHITE_MIST;11097;9;11096;18;;;11107;9;11108;18;;;11102.0;0.0
4;3200;TRANSLATOR_VOID_BLUE;10778;9;10777;18;;;10788;9;10789;18;;;10783.0;0.0
4;3300;TRANSLATOR_SPACE_GRAY;10019;15;10018;19;;;10028;15;10029;19;;;10023.5;0.0
4;3300;TRANSLATOR_ECLIPSE_CHARCOAL;9606;15;9605;19;;;9614;15;9615;19;;;9610.0;0.0
4;3300;TRANSLATOR_ASTRO_BLACK;9178;34;;;;;9187;15;9188;19;;;9182.5;0.0
4;3300;TRANSLATOR_GRAPHITE_MIST;11107;15;11106;19;;;11117;15;11118;19;;;11112.0;0.0
4;3300;TRANSLATOR_VOID_BLUE;10768;15;10767;19;;;10777;15;10778;19;;;10772.5;0.0
4;3400;TRANSLATOR_SPACE_GRAY;10005;10;10004;18;;;10015;10;10016;18;;;10010.0;0.0
4;3400;TRANSLATOR_ASTRO_BLACK;9179;10;9178;18;;;9187;10;9188;18;;;9183.0;0.0
4;3400;TRANSLATOR_ECLIPSE_CHARCOAL;9611;10;9610;18;;;9620;10;9621;18;;;9615.5;0.0
4;3400;TRANSLATOR_GRAPHITE_MIST;11111;10;11110;18;;;11121;10;11122;18;;;11116.0;0.0
4;3400;TRANSLATOR_VOID_BLUE;10778;10;10777;18;;;10787;10;10788;18;;;10782.5;0.0
4;3500;TRANSLATOR_ASTRO_BLACK;9172;13;9171;17;;;9180;13;9181;17;;;9176.0;0.0
4;3500;TRANSLATOR_VOID_BLUE;10793;13;10792;17;;;10803;13;10804;17;;;10798.0;0.0
4;3500;TRANSLATOR_SPACE_GRAY;10012;13;10011;17;;;10021;13;10022;17;;;10016.5;0.0
4;3500;TRANSLATOR_ECLIPSE_CHARCOAL;9620;13;9619;17;;;9629;13;9630;17;;;9624.5;0.0
4;3500;TRANSLATOR_GRAPHITE_MIST;11108;13;11107;17;;;11118;13;11119;17;;;11113.0;0.0
4;3600;TRANSLATOR_VOID_BLUE;10806;8;10805;16;;;10815;8;10817;16;;;10810.5;0.0
4;3600;TRANSLATOR_GRAPHITE_MIST;11102;8;11101;16;;;11112;8;11113;16;;;11107.0;0.0
4;3600;TRANSLATOR_ASTRO_BLACK;9158;8;9157;16;;;9167;24;;;;;9162.5;0.0
4;3600;TRANSLATOR_SPACE_GRAY;10014;8;10013;16;;;10023;8;10024;16;;;10018.5;0.0
4;3600;TRANSLATOR_ECLIPSE_CHARCOAL;9621;8;9620;16;;;9630;8;9631;16;;;9625.5;0.0
4;3700;TRANSLATOR_GRAPHITE_MIST;11092;11;11090;22;;;11101;11;11103;22;;;11096.5;0.0
4;3700;TRANSLATOR_ASTRO_BLACK;9174;11;9173;22;;;9183;11;9184;22;;;9178.5;0.0
4;3700;TRANSLATOR_VOID_BLUE;10789;11;10788;22;;;10798;11;10800;22;;;10793.5;0.0
4;3700;TRANSLATOR_SPACE_GRAY;10026;11;10025;22;;;10035;11;10036;22;;;10030.5;0.0
4;3700;TRANSLATOR_ECLIPSE_CHARCOAL;9624;11;9623;22;;;9633;11;9634;22;;;9628.5;0.0
4;3800;TRANSLATOR_GRAPHITE_MIST;11095;12;11094;17;;;11105;12;11106;17;;;11100.0;0.0
4;3800;TRANSLATOR_VOID_BLUE;10783;12;10782;17;;;10793;12;10794;17;;;10788.0;0.0
4;3800;TRANSLATOR_SPACE_GRAY;10022;12;10021;17;;;10031;12;10032;17;;;10026.5;0.0
4;3800;TRANSLATOR_ECLIPSE_CHARCOAL;9612;12;9611;17;;;9621;12;9622;17;;;9616.5;0.0
4;3800;TRANSLATOR_ASTRO_BLACK;9181;12;9180;17;;;9190;29;;;;;9185.5;0.0
4;3900;TRANSLATOR_ECLIPSE_CHARCOAL;9606;12;9605;16;;;9615;12;9616;16;;;9610.5;0.0
4;3900;TRANSLATOR_GRAPHITE_MIST;11102;12;11100;16;;;11111;12;11112;16;;;11106.5;0.0
4;3900;TRANSLATOR_VOID_BLUE;10762;12;10761;16;;;10772;12;10773;16;;;10767.0;0.0
4;3900;TRANSLATOR_SPACE_GRAY;10028;12;10027;16;;;10037;12;10038;16;;;10032.5;0.0
4;3900;TRANSLATOR_ASTRO_BLACK;9196;12;9195;16;;;9205;12;9206;16;;;9200.5;0.0
4;4000;TRANSLATOR_ECLIPSE_CHARCOAL;9605;12;9604;18;;;9614;12;9615;18;;;9609.5;0.0
4;4000;TRANSLATOR_GRAPHITE_MIST;11103;12;11102;18;;;11113;12;11114;18;;;11108.0;0.0
4;4000;TRANSLATOR_ASTRO_BLACK;9187;12;9186;18;;;9195;12;9196;18;;;9191.0;0.0
4;4000;TRANSLATOR_VOID_BLUE;10762;12;10761;18;;;10771;12;10772;18;;;10766.5;0.0
4;4000;TRANSLATOR_SPACE_GRAY;10035;12;10034;18;;;10044;12;10045;18;;;10039.5;0.0
4;4100;TRANSLATOR_ECLIPSE_CHARCOAL;9612;9;9611;21;;;9621;9;9622;21;;;9616.5;0.0
4;4100;TRANSLATOR_GRAPHITE_MIST;11091;9;11090;21;;;11101;9;11102;21;;;11096.0;0.0
4;4100;TRANSLATOR_VOID_BLUE;10754;9;10753;21;;;10764;9;10765;21;;;10759.0;0.0
4;4100;TRANSLATOR_ASTRO_BLACK;9197;9;9196;21;;;9206;30;;;;;9201.5;0.0
4;4100;TRANSLATOR_SPACE_GRAY;10040;9;10039;21;;;10049;9;10050;21;;;10044.5;0.0
4;4200;TRANSLATOR_SPACE_GRAY;10057;11;10056;16;;;10066;11;10067;16;;;10061.5;0.0
4;4200;TRANSLATOR_ECLIPSE_CHARCOAL;9608;11;9607;16;;;9616;11;9617;16;;;9612.0;0.0
4;4200;TRANSLATOR_GRAPHITE_MIST;11086;11;11084;16;;;11095;11;11097;16;;;11090.5;0.0
4;4200;TRANSLATOR_VOID_BLUE;10761;11;10760;16;;;10771;11;10772;16;;;10766.0;0.0
4;4200;TRANSLATOR_ASTRO_BLACK;9200;11;9199;16;;;9208;11;9209;16;;;9204.0;0.0
4;4300;TRANSLATOR_SPACE_GRAY;10052;8;10051;15;;;10061;8;10062;15;;;10056.5;0.0
4;4300;TRANSLATOR_ECLIPSE_CHARCOAL;9615;8;9614;15;;;9624;8;9625;15;;;9619.5;0.0
4;4300;TRANSLATOR_ASTRO_BLACK;9197;23;;;;;9206;8;9207;15;;;9201.5;0.0
4;4300;TRANSLATOR_GRAPHITE_MIST;11095;8;11094;15;;;11105;8;11106;15;;;11100.0;0.0
4;4300;TRANSLATOR_VOID_BLUE;10737;8;10735;15;;;10746;8;10747;15;;;10741.5;0.0
4;4400;TRANSLATOR_SPACE_GRAY;10038;15;10037;21;;;10047;15;10048;21;;;10042.5;0.0
4;4400;TRANSLATOR_ASTRO_BLACK;9203;36;;;;;9212;15;9213;21;;;9207.5;0.0
4;4400;TRANSLATOR_ECLIPSE_CHARCOAL;9603;15;9602;21;;;9612;15;9613;21;;;9607.5;0.0
4;4400;TRANSLATOR_VOID_BLUE;10752;15;10750;21;;;10761;15;10762;21;;;10756.5;0.0
4;4400;TRANSLATOR_GRAPHITE_MIST;11096;15;11095;21;;;11106;15;11107;21;;;11101.0;0.0
4;4500;TRANSLATOR_VOID_BLUE;10752;13;10751;19;;;10762;13;10763;19;;;10757.0;0.0
4;4500;TRANSLATOR_SPACE_GRAY;10042;13;10041;19;;;10051;13;10052;19;;;10046.5;0.0
4;4500;TRANSLATOR_ASTRO_BLACK;9199;13;9198;19;;;9207;13;9208;19;;;9203.0;0.0
4;4500;TRANSLATOR_ECLIPSE_CHARCOAL;9602;13;9601;19;;;9611;13;9612;19;;;9606.5;0.0
4;4500;TRANSLATOR_GRAPHITE_MIST;11092;13;11090;19;;;11101;13;11103;19;;;11096.5;0.0
4;4600;TRANSLATOR_ASTRO_BLACK;9199;15;9198;22;;;9207;15;9208;22;;;9203.0;0.0
4;4600;TRANSLATOR_VOID_BLUE;10763;15;10762;22;;;10773;15;10774;22;;;10768.0;0.0
4;4600;TRANSLATOR_SPACE_GRAY;10058;15;10057;22;;;10067;15;10068;22;;;10062.5;0.0
4;4600;TRANSLATOR_ECLIPSE_CHARCOAL;9608;15;9607;22;;;9616;15;9617;22;;;9612.0;0.0
4;4600;TRANSLATOR_GRAPHITE_MIST;11088;15;11087;22;;;11098;15;11099;22;;;11093.0;0.0
4;4700;TRANSLATOR_GRAPHITE_MIST;11087;10;11086;16;;;11096;10;11098;16;;;11091.5;0.0
4;4700;TRANSLATOR_VOID_BLUE;10757;10;10755;16;;;10766;10;10767;16;;;10761.5;0.0
4;4700;TRANSLATOR_ASTRO_BLACK;9192;10;9191;16;;;9200;10;9201;16;;;9196.0;0.0
4;4700;TRANSLATOR_SPACE_GRAY;10078;10;10077;16;;;10087;10;10088;16;;;10082.5;0.0
4;4700;TRANSLATOR_ECLIPSE_CHARCOAL;9606;10;9605;16;;;9615;10;9616;16;;;9610.5;0.0
4;4800;TRANSLATOR_GRAPHITE_MIST;11081;13;11080;19;;;11091;13;11092;19;;;11086.0;0.0
4;4800;TRANSLATOR_VOID_BLUE;10761;13;10760;19;;;10771;13;10772;19;;;10766.0;0.0
4;4800;TRANSLATOR_SPACE_GRAY;10077;13;10076;19;;;10086;13;10087;19;;;10081.5;0.0
4;4800;TRANSLATOR_ECLIPSE_CHARCOAL;9621;13;9620;19;;;9630;32;;;;;9625.5;0.0
4;4800;TRANSLATOR_ASTRO_BLACK;9196;13;9195;19;;;9204;13;9205;19;;;9200.0;0.0
4;4900;TRANSLATOR_GRAPHITE_MIST;11091;15;11090;16;;;11101;15;11102;16;;;11096.0;0.0
4;4900;TRANSLATOR_VOID_BLUE;10771;15;10770;16;;;10781;15;10782;16;;;10776.0;0.0
4;4900;TRANSLATOR_SPACE_GRAY;10073;15;10072;16;;;10082;15;10083;16;;;10077.5;0.0
4;4900;TRANSLATOR_ECLIPSE_CHARCOAL;9623;15;9622;16;;;9632;15;9633;16;;;9627.5;0.0
4;4900;TRANSLATOR_ASTRO_BLACK;9190;15;9189;16;;;9199;31;;;;;9194.5;0.0
4;5000;TRANSLATOR_ECLIPSE_CHARCOAL;9623;8;9622;15;;;9632;8;9633;15;;;9627.5;0.0
4;5000;TRANSLATOR_GRAPHITE_MIST;11105;8;11104;15;;;11115;8;11116;15;;;11110.0;0.0
4;5000;TRANSLATOR_VOID_BLUE;10781;8;10780;15;;;10791;8;10792;15;;;10786.0;0.0
4;5000;TRANSLATOR_SPACE_GRAY;10074;8;10073;15;;;10083;8;10084;15;;;10078.5;0.0
4;5000;TRANSLATOR_ASTRO_BLACK;9180;8;9179;15;;;9189;23;;;;;9184.5;0.0
4;5100;TRANSLATOR_ECLIPSE_CHARCOAL;9622;11;9621;17;;;9630;11;9631;17;;;9626.0;0.0
4;5100;TRANSLATOR_GRAPHITE_MIST;11091;11;11089;17;;;11100;11;11102;17;;;11095.5;0.0
4;5100;TRANSLATOR_ASTRO_BLACK;9186;11;9185;17;;;9194;11;9195;17;;;9190.0;0.0
4;5100;TRANSLATOR_VOID_BLUE;10776;11;10775;17;;;10786;11;10787;17;;;10781.0;0.0
4;5100;TRANSLATOR_SPACE_GRAY;10103;11;10102;17;;;10112;11;10113;17;;;10107.5;0.0
4;5200;TRANSLATOR_ECLIPSE_CHARCOAL;9628;8;9627;15;;;9637;8;9638;15;;;9632.5;0.0
4;5200;TRANSLATOR_VOID_BLUE;10762;8;10761;15;;;10771;8;10772;15;;;10766.5;0.0
4;5200;TRANSLATOR_GRAPHITE_MIST;11108;8;11107;15;;;11118;8;11119;15;;;11113.0;0.0
4;5200;TRANSLATOR_ASTRO_BLACK;9186;8;9185;15;;;9194;8;9195;15;;;9190.0;0.0
4;5200;TRANSLATOR_SPACE_GRAY;10106;8;10105;15;;;10115;8;10116;15;;;10110.5;0.0
4;5300;TRANSLATOR_SPACE_GRAY;10099;9;10098;22;;;10108;9;10109;22;;;10103.5;0.0
4;5300;TRANSLATOR_ECLIPSE_CHARCOAL;9637;9;9636;22;;;9646;9;9647;22;;;9641.5;0.0
4;5300;TRANSLATOR_GRAPHITE_MIST;11111;9;11109;22;;;11120;9;11122;22;;;11115.5;0.0
4;5300;TRANSLATOR_ASTRO_BLACK;9183;9;9182;22;;;9191;9;9192;22;;;9187.0;0.0
4;5300;TRANSLATOR_VOID_BLUE;10761;9;10760;22;;;10770;9;10771;22;;;10765.5;0.0
4;5400;TRANSLATOR_SPACE_GRAY;10099;12;10098;17;;;10108;12;10109;17;;;10103.5;0.0
4;5400;TRANSLATOR_ASTRO_BLACK;9184;29;;;;;9193;12;9194;17;;;9188.5;0.0
4;5400;TRANSLATOR_ECLIPSE_CHARCOAL;9628;12;9627;17;;;9637;12;9638;17;;;9632.5;0.0
4;5400;TRANSLATOR_GRAPHITE_MIST;11103;12;11102;17;;;11113;12;11114;17;;;11108.0;0.0
4;5400;TRANSLATOR_VOID_BLUE;10758;12;10757;17;;;10767;12;10768;17;;;10762.5;0.0
4;5500;TRANSLATOR_SPACE_GRAY;10098;11;10097;16;;;10107;11;10108;16;;;10102.5;0.0
4;5500;TRANSLATOR_ASTRO_BLACK;9187;11;9186;16;;;9196;11;9197;16;;;9191.5;0.0
4;5500;TRANSLATOR_ECLIPSE_CHARCOAL;9622;11;9621;16;;;9630;11;9631;16;;;9626.0;0.0
4;5500;TRANSLATOR_VOID_BLUE;10761;11;10760;16;;;10770;11;10771;16;;;10765.5;0.0
4;5500;TRANSLATOR_GRAPHITE_MIST;11111;11;11109;16;;;11120;11;11122;16;;;11115.5;0.0
4;5600;TRANSLATOR_ASTRO_BLACK;9184;15;9183;21;;;9192;15;9193;21;;;9188.0;0.0
4;5600;TRANSLATOR_VOID_BLUE;10751;15;10750;21;;;10761;15;10762;21;;;10756.0;0.0
4;5600;TRANSLATOR_SPACE_GRAY;10084;15;10083;21;;;10093;15;10094;21;;;10088.5;0.0
4;5600;TRANSLATOR_ECLIPSE_CHARCOAL;9635;15;9634;21;;;9644;15;9645;21;;;9639.5;0.0
4;5600;TRANSLATOR_GRAPHITE_MIST;11097;15;11096;21;;;11107;15;11108;21;;;11102.0;0.0
4;5700;TRANSLATOR_VOID_BLUE;10759;13;10758;19;;;10768;13;10770;19;;;10763.5;0.0
4;5700;TRANSLATOR_ASTRO_BLACK;9177;13;9176;19;;;9185;13;9186;19;;;9181.0;0.0
4;5700;TRANSLATOR_SPACE_GRAY;10082;13;10081;19;;;10091;13;10092;19;;;10086.5;0.0
4;5700;TRANSLATOR_ECLIPSE_CHARCOAL;9644;13;9643;19;;;9653;13;9654;19;;;9648.5;0.0
4;5700;TRANSLATOR_GRAPHITE_MIST;11116;13;11115;19;;;11126;13;11127;19;;;11121.0;0.0
4;5800;TRANSLATOR_GRAPHITE_MIST;11114;13;11113;20;;;11124;13;11125;20;;;11119.0;0.0
4;5800;TRANSLATOR_VOID_BLUE;10761;13;10760;20;;;10771;13;10772;20;;;10766.0;0.0
4;5800;TRANSLATOR_ASTRO_BLACK;9185;13;9184;20;;;9194;13;9195;20;;;9189.5;0.0
4;5800;TRANSLATOR_SPACE_GRAY;10072;13;10071;20;;;10081;13;10082;20;;;10076.5;0.0
4;5800;TRANSLATOR_ECLIPSE_CHARCOAL;9652;13;9651;20;;;9661;13;9662;20;;;9656.5;0.0
4;5900;TRANSLATOR_GRAPHITE_MIST;11109;14;11108;22;;;11119;14;11120;22;;;11114.0;0.0
4;5900;TRANSLATOR_VOID_BLUE;10752;14;10751;22;;;10762;14;10763;22;;;10757.0;0.0
4;5900;TRANSLATOR_SPACE_GRAY;10087;14;10086;22;;;10096;14;10097;22;;;10091.5;0.0
4;5900;TRANSLATOR_ASTRO_BLACK;9191;14;9190;22;;;9200;36;;;;;9195.5;0.0
4;5900;TRANSLATOR_ECLIPSE_CHARCOAL;9648;14;9647;22;;;9657;14;9658;22;;;9652.5;0.0
4;6000;TRANSLATOR_ECLIPSE_CHARCOAL;9665;15;9664;17;;;9674;15;9675;17;;;9669.5;0.0
4;6000;TRANSLATOR_VOID_BLUE;10754;15;10753;17;;;10763;15;10764;17;;;10758.5;0.0
4;6000;TRANSLATOR_GRAPHITE_MIST;11095;15;11094;17;;;11105;15;11106;17;;;11100.0;0.0
4;6000;TRANSLATOR_SPACE_GRAY;10098;15;10097;17;;;10107;15;10108;17;;;10102.5;0.0
4;6000;TRANSLATOR_ASTRO_BLACK;9180;15;9179;17;;;9188;15;9189;17;;;9184.0;0.0
4;6100;TRANSLATOR_ECLIPSE_CHARCOAL;9660;14;9659;16;;;9668;14;9669;16;;;9664.0;0.0
4;6100;TRANSLATOR_GRAPHITE_MIST;11095;14;11094;16;;;11105;14;11106;16;;;11100.0;0.0
4;6100;TRANSLATOR_VOID_BLUE;10747;14;10746;16;;;10756;14;10757;16;;;10751.5;0.0
4;6100;TRANSLATOR_SPACE_GRAY;10099;14;10098;16;;;10108;14;10109;16;;;10103.5;0.0
4;6100;TRANSLATOR_ASTRO_BLACK;9180;30;;;;;9189;14;9190;16;;;9184.5;0.0
4;6200;TRANSLATOR_ECLIPSE_CHARCOAL;9654;31;;;;;9663;13;9664;18;;;9658.5;0.0
4;6200;TRANSLATOR_GRAPHITE_MIST;11083;13;11082;18;;;11093;13;11094;18;;;11088.0;0.0
4;6200;TRANSLATOR_ASTRO_BLACK;9184;13;9183;18;;;9192;13;9193;18;;;9188.0;0.0
4;6200;TRANSLATOR_VOID_BLUE;10756;13;10755;18;;;10765;13;10767;18;;;10760.5;0.0
4;6200;TRANSLATOR_SPACE_GRAY;10104;13;10103;18;;;10113;13;10114;18;;;10108.5;0.0
4;6300;TRANSLATOR_ECLIPSE_CHARCOAL;9664;30;;;;;9673;11;9674;19;;;9668.5;0.0
4;6300;TRANSLATOR_VOID_BLUE;10744;11;10742;19;;;10753;11;10754;19;;;10748.5;0.0
4;6300;TRANSLATOR_GRAPHITE_MIST;11079;11;11078;19;;;11089;11;11090;19;;;11084.0;0.0
4;6300;TRANSLATOR_ASTRO_BLACK;9188;11;9187;19;;;9196;11;9197;19;;;9192.0;0.0
4;6300;TRANSLATOR_SPACE_GRAY;10099;11;10098;19;;;10108;11;10109;19;;;10103.5;0.0
4;6400;TRANSLATOR_SPACE_GRAY;10103;9;10102;21;;;10112;9;10113;21;;;10107.5;0.0
4;6400;TRANSLATOR_ECLIPSE_CHARCOAL;9674;9;9673;21;;;9683;9;9684;21;;;9678.5;0.0
4;6400;TRANSLATOR_ASTRO_BLACK;9192;9;9191;21;;;9201;9;9202;21;;;9196.5;0.0
4;6400;TRANSLATOR_GRAPHITE_MIST;11073;9;11072;21;;;11083;9;11084;21;;;11078.0;0.0
4;6400;TRANSLATOR_VOID_BLUE;10722;9;10721;21;;;10732;9;10733;21;;;10727.0;0.0
4;6500;TRANSLATOR_SPACE_GRAY;10120;14;10119;15;;;10129;14;10130;15;;;10124.5;0.0
4;6500;TRANSLATOR_ECLIPSE_CHARCOAL;9665;14;9664;15;;;9674;14;9675;15;;;9669.5;0.0
4;6500;TRANSLATOR_ASTRO_BLACK;9203;14;9202;15;;;9211;14;9212;15;;;9207.0;0.0
4;6500;TRANSLATOR_GRAPHITE_MIST;11065;14;11064;15;;;11075;14;11076;15;;;11070.0;0.0
4;6500;TRANSLATOR_VOID_BLUE;10740;14;10739;15;;;10750;14;10751;15;;;10745.0;0.0
4;6600;TRANSLATOR_SPACE_GRAY;10121;13;10120;17;;;10130;13;10131;17;;;10125.5;0.0
4;6600;TRANSLATOR_ASTRO_BLACK;9199;13;9198;17;;;9207;13;9208;17;;;9203.0;0.0
4;6600;TRANSLATOR_ECLIPSE_CHARCOAL;9679;13;9678;17;;;9688;13;9689;17;;;9683.5;0.0
4;6600;TRANSLATOR_GRAPHITE_MIST;11093;13;11092;17;;;11103;13;11104;17;;;11098.0;0.0
4;6600;TRANSLATOR_VOID_BLUE;10734;13;10733;17;;;10743;13;10744;17;;;10738.5;0.0
4;6700;TRANSLATOR_ASTRO_BLACK;9211;15;9210;18;;;9220;15;9221;18;;;9215.5;0.0
4;6700;TRANSLATOR_VOID_BLUE;10720;15;10719;18;;;10730;15;10731;18;;;10725.0;0.0
4;6700;TRANSLATOR_SPACE_GRAY;10124;15;10123;18;;;10134;15;10135;18;;;10129.0;0.0
4;6700;TRANSLATOR_ECLIPSE_CHARCOAL;9669;15;9668;18;;;9677;15;9678;18;;;9673.0;0.0
4;6700;TRANSLATOR_GRAPHITE_MIST;11087;15;11086;18;;;11097;15;11098;18;;;11092.0;0.0
4;6800;TRANSLATOR_GRAPHITE_MIST;11077;15;11076;15;;;11087;15;11088;15;;;11082.0;0.0
4;6800;TRANSLATOR_VOID_BLUE;10712;15;10711;15;;;10721;15;10722;15;;;10716.5;0.0
4;6800;TRANSLATOR_ASTRO_BLACK;9220;15;9219;15;;;9228;15;9229;15;;;9224.0;0.0
4;6800;TRANSLATOR_SPACE_GRAY;10134;15;10133;15;;;10143;15;10144;15;;;10138.5;0.0
4;6800;TRANSLATOR_ECLIPSE_CHARCOAL;9676;15;9675;15;;;9685;15;9686;15;;;9680.5;0.0
4;6900;TRANSLATOR_GRAPHITE_MIST;11078;10;11077;19;;;11088;10;11089;19;;;11083.0;0.0
4;6900;TRANSLATOR_ASTRO_BLACK;9222;10;9221;19;;;9230;10;9231;19;;;9226.0;0.0
4;6900;TRANSLATOR_VOID_BLUE;10700;10;10699;19;;;10710;10;10711;19;;;10705.0;0.0
4;6900;TRANSLATOR_SPACE_GRAY;10121;10;10120;19;;;10130;10;10131;19;;;10125.5;0.0
4;6900;TRANSLATOR_ECLIPSE_CHARCOAL;9669;10;9668;19;;;9678;10;9679;19;;;9673.5;0.0
4;7000;TRANSLATOR_GRAPHITE_MIST;11076;12;11075;21;;;11086;12;11087;21;;;11081.0;0.0
4;7000;TRANSLATOR_VOID_BLUE;10696;12;10695;21;;;10706;12;10707;21;;;10701.0;0.0
4;7000;TRANSLATOR_SPACE_GRAY;10140;12;10138;21;;;10149;12;10150;21;;;10144.5;0.0
4;7000;TRANSLATOR_ECLIPSE_CHARCOAL;9680;12;9679;21;;;9689;12;9690;21;;;9684.5;0.0
4;7000;TRANSLATOR_ASTRO_BLACK;9229;12;9228;21;;;9237;12;9238;21;;;9233.0;0.0
4;7100;TRANSLATOR_ECLIPSE_CHARCOAL;9678;13;9677;21;;;9687;13;9688;21;;;9682.5;0.0
4;7100;TRANSLATOR_VOID_BLUE;10703;13;10702;21;;;10713;13;10714;21;;;10708.0;0.0
4;7100;TRANSLATOR_GRAPHITE_MIST;11064;13;11062;21;;;11073;13;11075;21;;;11068.5;0.0
4;7100;TRANSLATOR_SPACE_GRAY;10153;13;10152;21;;;10162;13;10163;21;;;10157.5;0.0
4;7100;TRANSLATOR_ASTRO_BLACK;9239;13;9238;21;;;9248;13;9249;21;;;9243.5;0.0
4;7200;TRANSLATOR_ECLIPSE_CHARCOAL;9683;7;9682;18;;;9692;7;9693;18;;;9687.5;0.0
4;7200;TRANSLATOR_GRAPHITE_MIST;11060;7;11059;18;;;11070;7;11071;18;;;11065.0;0.0
4;7200;TRANSLATOR_ASTRO_BLACK;9244;7;9243;18;;;9252;7;9253;18;;;9248.0;0.0
4;7200;TRANSLATOR_VOID_BLUE;10702;7;10701;18;;;10712;7;10713;18;;;10707.0;0.0
4;7200;TRANSLATOR_SPACE_GRAY;10154;7;10153;18;;;10163;7;10164;18;;;10158.5;0.0
4;7300;TRANSLATOR_ECLIPSE_CHARCOAL;9684;11;9683;19;;;9693;11;9694;19;;;9688.5;0.0
4;7300;TRANSLATOR_GRAPHITE_MIST;11080;11;11079;19;;;11090;11;11091;19;;;11085.0;0.0
4;7300;TRANSLATOR_ASTRO_BLACK;9266;11;9265;19;;;9275;11;9276;19;;;9270.5;0.0
4;7300;TRANSLATOR_VOID_BLUE;10685;11;10684;19;;;10695;11;10696;19;;;10690.0;0.0
4;7300;TRANSLATOR_SPACE_GRAY;10148;11;10147;19;;;10157;11;10158;19;;;10152.5;0.0
4;7400;TRANSLATOR_SPACE_GRAY;10167;13;10166;17;;;10176;13;10177;17;;;10171.5;0.0
4;7400;TRANSLATOR_ECLIPSE_CHARCOAL;9705;13;9704;17;;;9713;13;9714;17;;;9709.0;0.0
4;7400;TRANSLATOR_VOID_BLUE;10691;13;10690;17;;;10700;13;10702;17;;;10695.5;0.0
4;7400;TRANSLATOR_GRAPHITE_MIST;11079;13;11078;17;;;11089;13;11090;17;;;11084.0;0.0
4;7400;TRANSLATOR_ASTRO_BLACK;9276;13;9275;17;;;9284;13;9285;17;;;9280.0;0.0
4;7500;TRANSLATOR_SPACE_GRAY;10153;8;10152;17;;;10162;8;10164;17;;;10157.5;0.0
4;7500;TRANSLATOR_ASTRO_BLACK;9279;25;;;;;9288;8;9289;17;;;9283.5;0.0
4;7500;TRANSLATOR_ECLIPSE_CHARCOAL;9684;8;9683;17;;;9693;25;;;;;9688.5;0.0
4;7500;TRANSLATOR_GRAPHITE_MIST;11096;8;11095;17;;;11106;8;11107;17;;;11101.0;0.0
4;7500;TRANSLATOR_VOID_BLUE;10702;8;10701;17;;;10712;8;10713;17;;;10707.0;0.0
4;7600;TRANSLATOR_SPACE_GRAY;10168;11;10167;21;;;10177;11;10178;21;;;10172.5;0.0
4;7600;TRANSLATOR_ASTRO_BLACK;9266;11;9265;21;;;9274;11;9275;21;;;9270.0;0.0
4;7600;TRANSLATOR_ECLIPSE_CHARCOAL;9680;11;9679;21;;;9688;11;9689;21;;;9684.0;0.0
4;7600;TRANSLATOR_VOID_BLUE;10711;11;10710;21;;;10721;11;10722;21;;;10716.0;0.0
4;7600;TRANSLATOR_GRAPHITE_MIST;11079;11;11078;21;;;11089;11;11090;21;;;11084.0;0.0
4;7700;TRANSLATOR_VOID_BLUE;10707;10;10706;15;;;10716;10;10717;15;;;10711.5;0.0
4;7700;TRANSLATOR_SPACE_GRAY;10180;10;10179;15;;;10189;10;10190;15;;;10184.5;0.0
4;7700;TRANSLATOR_ASTRO_BLACK;9269;10;9268;15;;;9278;10;9279;15;;;9273.5;0.0
4;7700;TRANSLATOR_ECLIPSE_CHARCOAL;9685;10;9684;15;;;9694;10;9695;15;;;9689.5;0.0
4;7700;TRANSLATOR_GRAPHITE_MIST;11102;10;11101;15;;;11112;10;11113;15;;;11107.0;0.0
4;7800;TRANSLATOR_ASTRO_BLACK;9282;9;9281;15;;;9290;9;9291;15;;;9286.0;0.0
4;7800;TRANSLATOR_VOID_BLUE;10707;9;10706;15;;;10717;9;10718;15;;;10712.0;0.0
4;7800;TRANSLATOR_SPACE_GRAY;10189;9;10188;15;;;10198;9;10199;15;;;10193.5;0.0
4;7800;TRANSLATOR_ECLIPSE_CHARCOAL;9688;9;9687;15;;;9697;9;9698;15;;;9692.5;0.0
4;7800;TRANSLATOR_GRAPHITE_MIST;11099;9;11098;15;;;11109;9;11110;15;;;11104.0;0.0
4;7900;TRANSLATOR_VOID_BLUE;10698;12;10697;21;;;10707;12;10708;21;;;10702.5;0.0
4;7900;TRANSLATOR_GRAPHITE_MIST;11087;12;11086;21;;;11097;12;11098;21;;;11092.0;0.0
4;7900;TRANSLATOR_ASTRO_BLACK;9291;12;9290;21;;;9300;12;9301;21;;;9295.5;0.0
4;7900;TRANSLATOR_SPACE_GRAY;10185;12;10184;21;;;10194;12;10195;21;;;10189.5;0.0
4;7900;TRANSLATOR_ECLIPSE_CHARCOAL;9682;12;9681;21;;;9691;12;9692;21;;;9686.5;0.0
4;8000;TRANSLATOR_GRAPHITE_MIST;11089;9;11088;18;;;11099;9;11100;18;;;11094.0;0.0
4;8000;TRANSLATOR_VOID_BLUE;10702;9;10701;18;;;10712;9;10713;18;;;10707.0;0.0
4;8000;TRANSLATOR_SPACE_GRAY;10196;9;10195;18;;;10205;9;10206;18;;;10200.5;0.0
4;8000;TRANSLATOR_ASTRO_BLACK;9280;9;9279;18;;;9288;9;9289;18;;;9284.0;0.0
4;8000;TRANSLATOR_ECLIPSE_CHARCOAL;9676;9;9675;18;;;9684;9;9685;18;;;9680.0;0.0
4;8100;TRANSLATOR_GRAPHITE_MIST;11073;9;11072;15;;;11083;9;11084;15;;;11078.0;0.0
4;8100;TRANSLATOR_VOID_BLUE;10683;9;10682;15;;;10693;9;10694;15;;;10688.0;0.0
4;8100;TRANSLATOR_SPACE_GRAY;10188;9;10187;15;;;10197;9;10198;15;;;10192.5;0.0
4;8100;TRANSLATOR_ECLIPSE_CHARCOAL;9676;9;9675;15;;;9685;9;9686;15;;;9680.5;0.0
4;8100;TRANSLATOR_ASTRO_BLACK;9270;9;9269;15;;;9278;9;9279;15;;;9274.0;0.0
4;8200;TRANSLATOR_ECLIPSE_CHARCOAL;9672;9;9671;15;;;9681;9;9682;15;;;9676.5;0.0
4;8200;TRANSLATOR_GRAPHITE_MIST;11061;9;11060;15;;;11071;9;11072;15;;;11066.0;0.0
4;8200;TRANSLATOR_VOID_BLUE;10702;9;10700;15;;;10711;9;10712;15;;;10706.5;0.0
4;8200;TRANSLATOR_ASTRO_BLACK;9273;9;9272;15;;;9282;9;9283;15;;;9277.5;0.0
4;8200;TRANSLATOR_SPACE_GRAY;10191;9;10190;15;;;10200;9;10201;15;;;10195.5;0.0
4;8300;TRANSLATOR_ECLIPSE_CHARCOAL;9689;13;9688;16;;;9697;13;9698;16;;;9693.0;0.0
4;8300;TRANSLATOR_GRAPHITE_MIST;11071;13;11069;16;;;11080;13;11082;16;;;11075.5;0.0
4;8300;TRANSLATOR_ASTRO_BLACK;9270;13;9269;16;;;9279;13;9280;16;;;9274.5;0.0
4;8300;TRANSLATOR_VOID_BLUE;10730;13;10729;16;;;10740;13;10741;16;;;10735.0;0.0
4;8300;TRANSLATOR_SPACE_GRAY;10196;13;10195;16;;;10205;13;10206;16;;;10200.5;0.0
4;8400;TRANSLATOR_ECLIPSE_CHARCOAL;9678;10;9677;16;;;9687;10;9688;16;;;9682.5;0.0
4;8400;TRANSLATOR_GRAPHITE_MIST;11064;10;11063;16;;;11074;10;11075;16;;;11069.0;0.0
4;8400;TRANSLATOR_VOID_BLUE;10722;10;10721;16;;;10731;10;10732;16;;;10726.5;0.0
4;8400;TRANSLATOR_ASTRO_BLACK;9289;10;9288;16;;;9297;10;9298;16;;;9293.0;0.0
4;8400;TRANSLATOR_SPACE_GRAY;10191;10;10190;16;;;10200;10;10201;16;;;10195.5;0.0
4;8500;TRANSLATOR_SPACE_GRAY;10202;9;10201;16;;;10211;9;10212;16;;;10206.5;0.0
4;8500;TRANSLATOR_ECLIPSE_CHARCOAL;9692;9;9691;16;;;9701;9;9702;16;;;9696.5;0.0
4;8500;TRANSLATOR_GRAPHITE_MIST;11069;9;11068;16;;;11079;9;11080;16;;;11074.0;0.0
4;8500;TRANSLATOR_ASTRO_BLACK;9299;9;9298;16;;;9308;25;;;;;9303.5;0.0
4;8500;TRANSLATOR_VOID_BLUE;10756;9;10754;16;;;10765;9;10766;16;;;10760.5;0.0
4;8600;TRANSLATOR_SPACE_GRAY;10208;14;10207;22;;;10217;14;10218;22;;;10212.5;0.0
4;8600;TRANSLATOR_ECLIPSE_CHARCOAL;9704;14;9703;22;;;9713;14;9714;22;;;9708.5;0.0
4;8600;TRANSLATOR_ASTRO_BLACK;9299;14;9298;22;;;9307;14;9308;22;;;9303.0;0.0
4;8600;TRANSLATOR_GRAPHITE_MIST;11071;14;11069;22;;;11080;14;11081;22;;;11075.5;0.0
4;8600;TRANSLATOR_VOID_BLUE;10735;14;10734;22;;;10745;14;10746;22;;;10740.0;0.0
4;8700;TRANSLATOR_SPACE_GRAY;10200;13;10199;18;;;10209;13;10210;18;;;10204.5;0.0
4;8700;TRANSLATOR_ASTRO_BLACK;9300;13;9299;18;;;9309;13;9310;18;;;9304.5;0.0
4;8700;TRANSLATOR_ECLIPSE_CHARCOAL;9706;13;9705;18;;;9715;13;9716;18;;;9710.5;0.0
4;8700;TRANSLATOR_VOID_BLUE;10749;13;10748;18;;;10759;13;10760;18;;;10754.0;0.0
4;8700;TRANSLATOR_GRAPHITE_MIST;11082;13;11081;18;;;11092;13;11093;18;;;11087.0;0.0
4;8800;TRANSLATOR_ASTRO_BLACK;9290;28;;;;;9299;9;9300;19;;;9294.5;0.0
4;8800;TRANSLATOR_VOID_BLUE;10744;9;10743;19;;;10754;9;10755;19;;;10749.0;0.0
4;8800;TRANSLATOR_SPACE_GRAY;10191;9;10190;19;;;10200;9;10201;19;;;10195.5;0.0
4;8800;TRANSLATOR_ECLIPSE_CHARCOAL;9688;9;9687;19;;;9697;9;9698;19;;;9692.5;0.0
4;8800;TRANSLATOR_GRAPHITE_MIST;11081;9;11080;19;;;11091;9;11092;19;;;11086.0;0.0
4;8900;TRANSLATOR_ASTRO_BLACK;9312;8;9311;17;;;9320;8;9321;17;;;9316.0;0.0
4;8900;TRANSLATOR_VOID_BLUE;10743;8;10742;17;;;10753;8;10754;17;;;10748.0;0.0
4;8900;TRANSLATOR_SPACE_GRAY;10181;8;10180;17;;;10190;8;10191;17;;;10185.5;0.0
4;8900;TRANSLATOR_ECLIPSE_CHARCOAL;9691;8;9690;17;;;9700;8;9701;17;;;9695.5;0.0
4;8900;TRANSLATOR_GRAPHITE_MIST;11089;8;11087;17;;;11098;8;11100;17;;;11093.5;0.0
4;9000;TRANSLATOR_GRAPHITE_MIST;11072;2;11068;15;11067;16;11078;15;11079;16;;;11075.0;0.0
4;9000;TRANSLATOR_VOID_BLUE;10736;2;10731;15;10730;16;10741;15;10742;16;;;10738.5;0.0
4;9000;TRANSLATOR_ASTRO_BLACK;9313;2;9309;15;9308;16;9318;31;;;;;9315.5;0.0
4;9000;TRANSLATOR_SPACE_GRAY;10184;2;10180;15;10179;16;10189;15;10190;16;;;10186.5;0.0
4;9000;TRANSLATOR_ECLIPSE_CHARCOAL;9681;2;9677;15;9676;16;9686;15;9687;16;;;9683.5;0.0
4;9100;TRANSLATOR_GRAPHITE_MIST;11073;14;11071;21;;;11082;14;11084;21;;;11077.5;0.0
4;9100;TRANSLATOR_VOID_BLUE;10719;14;10717;21;;;10728;14;10729;21;;;10723.5;0.0
4;9100;TRANSLATOR_SPACE_GRAY;10178;14;10177;21;;;10187;14;10188;21;;;10182.5;0.0
4;9100;TRANSLATOR_ECLIPSE_CHARCOAL;9689;14;9688;21;;;9698;14;9699;21;;;9693.5;0.0
4;9100;TRANSLATOR_ASTRO_BLACK;9309;14;9308;21;;;9317;14;9318;21;;;9313.0;0.0
4;9200;TRANSLATOR_ECLIPSE_CHARCOAL;9699;12;9698;18;;;9708;12;9709;18;;;9703.5;0.0
4;9200;TRANSLATOR_GRAPHITE_MIST;11072;12;11071;18;;;11082;12;11083;18;;;11077.0;0.0
4;9200;TRANSLATOR_VOID_BLUE;10734;12;10733;18;;;10744;12;10745;18;;;10739.0;0.0
4;9200;TRANSLATOR_SPACE_GRAY;10174;12;10173;18;;;10184;12;10185;18;;;10179.0;0.0
4;9200;TRANSLATOR_ASTRO_BLACK;9294;30;;;;;9303;12;9304;18;;;9298.5;0.0
4;9300;TRANSLATOR_ECLIPSE_CHARCOAL;9693;7;9692;22;;;9702;7;9703;22;;;9697.5;0.0
4;9300;TRANSLATOR_GRAPHITE_MIST;11083;7;11081;22;;;11092;7;11094;22;;;11087.5;0.0
4;9300;TRANSLATOR_VOID_BLUE;10723;7;10722;22;;;10733;7;10734;22;;;10728.0;0.0
4;9300;TRANSLATOR_SPACE_GRAY;10170;7;10169;22;;;10179;7;10180;22;;;10174.5;0.0
4;9300;TRANSLATOR_ASTRO_BLACK;9293;7;9292;22;;;9301;7;9302;22;;;9297.0;0.0
4;9400;TRANSLATOR_ECLIPSE_CHARCOAL;9695;9;9694;15;;;9704;9;9705;15;;;9699.5;0.0
4;9400;TRANSLATOR_GRAPHITE_MIST;11097;9;11096;15;;;11107;9;11108;15;;;11102.0;0.0
4;9400;TRANSLATOR_ASTRO_BLACK;9282;9;9281;15;;;9290;9;9291;15;;;9286.0;0.0
4;9400;TRANSLATOR_VOID_BLUE;10722;9;10721;15;;;10732;9;10733;15;;;10727.0;0.0
4;9400;TRANSLATOR_SPACE_GRAY;10155;9;10154;15;;;10164;9;10165;15;;;10159.5;0.0
4;9500;TRANSLATOR_ECLIPSE_CHARCOAL;9686;15;9685;19;;;9694;15;9695;19;;;9690.0;0.0
4;9500;TRANSLATOR_VOID_BLUE;10734;15;10733;19;;;10744;15;10745;19;;;10739.0;0.0
4;9500;TRANSLATOR_GRAPHITE_MIST;11084;15;11082;19;;;11093;15;11095;19;;;11088.5;0.0
4;9500;TRANSLATOR_ASTRO_BLACK;9283;15;9282;19;;;9291;15;9292;19;;;9287.0;0.0
4;9500;TRANSLATOR_SPACE_GRAY;10156;15;10155;19;;;10165;15;10166;19;;;10160.5;0.0
4;9600;TRANSLATOR_SPACE_GRAY;10149;13;10148;18;;;10158;13;10159;18;;;10153.5;0.0
4;9600;TRANSLATOR_ASTRO_BLACK;9275;13;9274;18;;;9283;13;9284;18;;;9279.0;0.0
4;9600;TRANSLATOR_ECLIPSE_CHARCOAL;9677;31;;;;;9686;13;9687;18;;;9681.5;0.0
4;9600;TRANSLATOR_GRAPHITE_MIST;11082;13;11081;18;;;11092;13;11093;18;;;11087.0;0.0
4;9600;TRANSLATOR_VOID_BLUE;10726;13;10725;18;;;10735;13;10736;18;;;10730.5;0.0
4;9700;TRANSLATOR_SPACE_GRAY;10155;12;10154;19;;;10164;12;10165;19;;;10159.5;0.0
4;9700;TRANSLATOR_ASTRO_BLACK;9279;12;9278;19;;;9288;31;;;;;9283.5;0.0
4;9700;TRANSLATOR_ECLIPSE_CHARCOAL;9677;12;9676;19;;;9686;12;9687;19;;;9681.5;0.0
4;9700;TRANSLATOR_GRAPHITE_MIST;11090;12;11089;19;;;11100;12;11101;19;;;11095.0;0.0
4;9700;TRANSLATOR_VOID_BLUE;10728;12;10727;19;;;10737;12;10738;19;;;10732.5;0.0
4;9800;TRANSLATOR_ASTRO_BLACK;9280;8;9279;20;;;9289;28;;;;;9284.5;0.0
4;9800;TRANSLATOR_SPACE_GRAY;10161;8;10160;20;;;10171;8;10172;20;;;10166.0;0.0
4;9800;TRANSLATOR_ECLIPSE_CHARCOAL;9673;8;9672;20;;;9682;8;9683;20;;;9677.5;0.0
4;9800;TRANSLATOR_VOID_BLUE;10725;8;10723;20;;;10734;8;10735;20;;;10729.5;0.0
4;9800;TRANSLATOR_GRAPHITE_MIST;11090;8;11089;20;;;11100;8;11101;20;;;11095.0;0.0
4;9900;TRANSLATOR_ASTRO_BLACK;9278;31;;;;;9287;13;9288;18;;;9282.5;0.0
4;9900;TRANSLATOR_VOID_BLUE;10703;13;10702;18;;;10713;13;10714;18;;;10708.0;0.0
4;9900;TRANSLATOR_SPACE_GRAY;10171;13;10169;18;;;10180;13;10181;18;;;10175.5;0.0
4;9900;TRANSLATOR_ECLIPSE_CHARCOAL;9674;13;9673;18;;;9682;13;9683;18;;;9678.0;0.0
4;9900;TRANSLATOR_GRAPHITE_MIST;11074;13;11073;18;;;11084;13;11085;18;;;11079.0;0.0
4;10000;TRANSLATOR_VOID_BLUE;10722;13;10721;18;;;10731;13;10733;18;;;10726.5;0.0
4;10000;TRANSLATOR_GRAPHITE_MIST;11060;13;11059;18;;;11070;13;11071;18;;;11065.0;0.0
4;10000;TRANSLATOR_ASTRO_BLACK;9281;13;9280;18;;;9289;13;9290;18;;;9285.0;0.0
4;10000;TRANSLATOR_SPACE_GRAY;10196;13;10195;18;;;10205;13;10206;18;;;10200.5;0.0
4;10000;TRANSLATOR_ECLIPSE_CHARCOAL;9657;13;9656;18;;;9666;13;9667;18;;;9661.5;0.0
4;10100;TRANSLATOR_GRAPHITE_MIST;11054;9;11053;19;;;11064;9;11065;19;;;11059.0;0.0
4;10100;TRANSLATOR_ASTRO_BLACK;9290;9;9289;19;;;9298;9;9299;19;;;9294.0;0.0
4;10100;TRANSLATOR_VOID_BLUE;10742;9;10741;19;;;10752;9;10753;19;;;10747.0;0.0
4;10100;TRANSLATOR_SPACE_GRAY;10204;9;10203;19;;;10213;9;10214;19;;;10208.5;0.0
4;10100;TRANSLATOR_ECLIPSE_CHARCOAL;9653;9;9652;19;;;9661;9;9662;19;;;9657.0;0.0
4;10200;TRANSLATOR_GRAPHITE_MIST;11045;13;11044;22;;;11055;13;11056;22;;;11050.0;0.0
4;10200;TRANSLATOR_VOID_BLUE;10746;13;10744;22;;;10755;13;10756;22;;;10750.5;0.0
4;10200;TRANSLATOR_SPACE_GRAY;10196;13;10195;22;;;10205;13;10206;22;;;10200.5;0.0
4;10200;TRANSLATOR_ASTRO_BLACK;9288;13;9287;22;;;9297;13;9298;22;;;9292.5;0.0
4;10200;TRANSLATOR_ECLIPSE_CHARCOAL;9640;13;9639;22;;;9649;13;9650;22;;;9644.5;0.0
4;10300;TRANSLATOR_ECLIPSE_CHARCOAL;9649;12;9648;22;;;9658;12;9659;22;;;9653.5;0.0
4;10300;TRANSLATOR_VOID_BLUE;10748;12;10746;22;;;10757;12;10758;22;;;10752.5;0.0
4;10300;TRANSLATOR_GRAPHITE_MIST;11033;12;11032;22;;;11043;12;11044;22;;;11038.0;0.0
4;10300;TRANSLATOR_SPACE_GRAY;10191;12;10190;22;;;10200;12;10201;22;;;10195.5;0.0
4;10300;TRANSLATOR_ASTRO_BLACK;9272;12;9271;22;;;9280;12;9281;22;;;9276.0;0.0
4;10400;TRANSLATOR_ECLIPSE_CHARCOAL;9657;10;9656;15;;;9665;10;9666;15;;;9661.0;0.0
4;10400;TRANSLATOR_GRAPHITE_MIST;11026;10;11025;15;;;11036;10;11037;15;;;11031.0;0.0
4;10400;TRANSLATOR_ASTRO_BLACK;9278;10;9277;15;;;9286;10;9287;15;;;9282.0;0.0
4;10400;TRANSLATOR_VOID_BLUE;10762;10;10761;15;;;10771;10;10773;15;;;10766.5;0.0
4;10400;TRANSLATOR_SPACE_GRAY;10166;10;10165;15;;;10175;10;10176;15;;;10170.5;0.0
4;10500;TRANSLATOR_ECLIPSE_CHARCOAL;9657;15;9656;18;;;9666;15;9667;18;;;9661.5;0.0
4;10500;TRANSLATOR_GRAPHITE_MIST;11017;15;11016;18;;;11027;15;11028;18;;;11022.0;0.0
4;10500;TRANSLATOR_ASTRO_BLACK;9269;15;9268;18;;;9278;15;9279;18;;;9273.5;0.0
4;10500;TRANSLATOR_VOID_BLUE;10754;15;10753;18;;;10764;15;10765;18;;;10759.0;0.0
4;10500;TRANSLATOR_SPACE_GRAY;10149;15;10148;18;;;10158;15;10159;18;;;10153.5;0.0
4;10600;TRANSLATOR_SPACE_GRAY;10144;8;10143;17;;;10148;6;10153;8;10154;17;10146.0;0.0
4;10600;TRANSLATOR_ECLIPSE_CHARCOAL;9663;8;9662;17;;;9667;6;9672;8;9673;17;9665.0;0.0
4;10600;TRANSLATOR_VOID_BLUE;10750;8;10749;17;;;10754;6;10759;8;10760;17;10752.0;0.0
4;10600;TRANSLATOR_ASTRO_BLACK;9275;8;9274;17;;;9279;6;9284;8;9285;17;9277.0;0.0
4;10600;TRANSLATOR_GRAPHITE_MIST;11030;8;11029;17;;;11035;6;11040;8;11041;17;11032.5;0.0
4;10700;TRANSLATOR_SPACE_GRAY;10141;7;10140;22;;;10150;7;10151;22;;;10145.5;0.0
4;10700;TRANSLATOR_ECLIPSE_CHARCOAL;9662;7;9661;22;;;9671;7;9672;22;;;9666.5;0.0
4;10700;TRANSLATOR_ASTRO_BLACK;9260;29;;;;;9269;7;9270;22;;;9264.5;0.0
4;10700;TRANSLATOR_GRAPHITE_MIST;11032;7;11031;22;;;11042;7;11043;22;;;11037.0;0.0
4;10700;TRANSLATOR_VOID_BLUE;10749;7;10748;22;;;10759;7;10760;22;;;10754.0;0.0
4;10800;TRANSLATOR_SPACE_GRAY;10143;7;10142;18;;;10152;7;10153;18;;;10147.5;0.0
4;10800;TRANSLATOR_ASTRO_BLACK;9269;7;9268;18;;;9278;7;9279;18;;;9273.5;0.0
4;10800;TRANSLATOR_ECLIPSE_CHARCOAL;9646;7;9645;18;;;9655;7;9656;18;;;9650.5;0.0
4;10800;TRANSLATOR_VOID_BLUE;10734;7;10733;18;;;10744;7;10745;18;;;10739.0;0.0
4;10800;TRANSLATOR_GRAPHITE_MIST;11011;7;11010;18;;;11021;7;11022;18;;;11016.0;0.0
4;10900;TRANSLATOR_VOID_BLUE;10745;9;10744;17;;;10755;9;10756;17;;;10750.0;0.0
4;10900;TRANSLATOR_SPACE_GRAY;10133;9;10132;17;;;10142;9;10143;17;;;10137.5;0.0
4;10900;TRANSLATOR_ASTRO_BLACK;9267;9;9266;17;;;9275;9;9276;17;;;9271.0;0.0
4;10900;TRANSLATOR_ECLIPSE_CHARCOAL;9649;9;9648;17;;;9658;26;;;;;9653.5;0.0
4;10900;TRANSLATOR_GRAPHITE_MIST;11000;9;10999;17;;;11009;9;11011;17;;;11004.5;0.0
4;11000;TRANSLATOR_ASTRO_BLACK;9267;9;9266;17;;;9276;9;9277;17;;;9271.5;0.0
4;11000;TRANSLATOR_VOID_BLUE;10744;9;10743;17;;;10754;9;10755;17;;;10749.0;0.0
4;11000;TRANSLATOR_SPACE_GRAY;10134;9;10133;17;;;10143;9;10144;17;;;10138.5;0.0
4;11000;TRANSLATOR_ECLIPSE_CHARCOAL;9664;9;9663;17;;;9673;9;9674;17;;;9668.5;0.0
4;11000;TRANSLATOR_GRAPHITE_MIST;11008;9;11007;17;;;11018;9;11019;17;;;11013.0;0.0
4;11100;TRANSLATOR_VOID_BLUE;10730;9;10729;18;;;10739;9;10740;18;;;10734.5;0.0
4;11100;TRANSLATOR_GRAPHITE_MIST;10997;9;10996;18;;;11007;9;11008;18;;;11002.0;0.0
4;11100;TRANSLATOR_ASTRO_BLACK;9264;9;9263;18;;;9272;9;9273;18;;;9268.0;0.0
4;11100;TRANSLATOR_SPACE_GRAY;10131;9;10130;18;;;10140;9;10141;18;;;10135.5;0.0
4;11100;TRANSLATOR_ECLIPSE_CHARCOAL;9656;9;9655;18;;;9665;9;9666;18;;;9660.5;0.0
4;11200;TRANSLATOR_GRAPHITE_MIST;11011;7;11009;15;;;11020;7;11022;15;;;11015.5;0.0
4;11200;TRANSLATOR_VOID_BLUE;10742;7;10741;15;;;10751;7;10753;15;;;10746.5;0.0
4;11200;TRANSLATOR_SPACE_GRAY;10117;7;10116;15;;;10126;7;10127;15;;;10121.5;0.0
4;11200;TRANSLATOR_ECLIPSE_CHARCOAL;9669;7;9668;15;;;9678;7;9679;15;;;9673.5;0.0
4;11200;TRANSLATOR_ASTRO_BLACK;9261;7;9260;15;;;9269;7;9270;15;;;9265.0;0.0
4;11300;TRANSLATOR_GRAPHITE_MIST;11011;14;11010;17;;;11021;14;11022;17;;;11016.0;0.0
4;11300;TRANSLATOR_VOID_BLUE;10752;14;10751;17;;;10761;14;10762;17;;;10756.5;0.0
4;11300;TRANSLATOR_SPACE_GRAY;10123;14;10122;17;;;10132;14;10133;17;;;10127.5;0.0
4;11300;TRANSLATOR_ECLIPSE_CHARCOAL;9661;14;9660;17;;;9670;14;9671;17;;;9665.5;0.0
4;11300;TRANSLATOR_ASTRO_BLACK;9259;14;9258;17;;;9268;14;9269;17;;;9263.5;0.0
4;11400;TRANSLATOR_ECLIPSE_CHARCOAL;9655;12;9654;16;;;9663;12;9664;16;;;9659.0;0.0
4;11400;TRANSLATOR_VOID_BLUE;10748;12;10747;16;;;10758;12;10759;16;;;10753.0;0.0
4;11400;TRANSLATOR_GRAPHITE_MIST;11005;12;11004;16;;;11015;12;11016;16;;;11010.0;0.0
4;11400;TRANSLATOR_ASTRO_BLACK;9262;12;9261;16;;;9271;28;;;;;9266.5;0.0
4;11400;TRANSLATOR_SPACE_GRAY;10112;12;10111;16;;;10121;12;10122;16;;;10116.5;0.0
4;11500;TRANSLATOR_ECLIPSE_CHARCOAL;9641;14;9640;19;;;9649;14;9650;19;;;9645.0;0.0
4;11500;TRANSLATOR_GRAPHITE_MIST;11020;14;11019;19;;;11030;14;11031;19;;;11025.0;0.0
4;11500;TRANSLATOR_ASTRO_BLACK;9277;14;9276;19;;;9285;14;9286;19;;;9281.0;0.0
4;11500;TRANSLATOR_VOID_BLUE;10745;14;10744;19;;;10755;14;10756;19;;;10750.0;0.0
4;11500;TRANSLATOR_SPACE_GRAY;10098;14;10097;19;;;10107;14;10108;19;;;10102.5;0.0
4;11600;TRANSLATOR_ECLIPSE_CHARCOAL;9642;7;9641;15;;;9651;7;9652;15;;;9646.5;0.0
4;11600;TRANSLATOR_VOID_BLUE;10748;7;10747;15;;;10757;7;10758;15;;;10752.5;0.0
4;11600;TRANSLATOR_GRAPHITE_MIST;11030;7;11029;15;;;11040;7;11041;15;;;11035.0;0.0
4;11600;TRANSLATOR_ASTRO_BLACK;9276;7;9275;15;;;9284;7;9285;15;;;9280.0;0.0
4;11600;TRANSLATOR_SPACE_GRAY;10093;7;10092;15;;;10102;7;10103;15;;;10097.5;0.0
4;11700;TRANSLATOR_SPACE_GRAY;10092;11;10091;18;;;10101;11;10102;18;;;10096.5;0.0
4;11700;TRANSLATOR_ECLIPSE_CHARCOAL;9645;11;9644;18;;;9654;11;9655;18;;;9649.5;0.0
4;11700;TRANSLATOR_ASTRO_BLACK;9271;11;9270;18;;;9280;11;9281;18;;;9275.5;0.0
4;11700;TRANSLATOR_GRAPHITE_MIST;11017;11;11016;18;;;11027;11;11028;18;;;11022.0;0.0
4;11700;TRANSLATOR_VOID_BLUE;10754;11;10753;18;;;10764;11;10765;18;;;10759.0;0.0
4;11800;TRANSLATOR_SPACE_GRAY;10106;15;10105;21;;;10115;15;10116;21;;;10110.5;0.0
4;11800;TRANSLATOR_ASTRO_BLACK;9277;15;9276;21;;;9285;15;9286;21;;;9281.0;0.0
4;11800;TRANSLATOR_ECLIPSE_CHARCOAL;9638;15;9637;21;;;9647;15;9648;21;;;9642.5;0.0
4;11800;TRANSLATOR_GRAPHITE_MIST;10997;15;10996;21;;;11007;15;11008;21;;;11002.0;0.0
4;11800;TRANSLATOR_VOID_BLUE;10766;15;10765;21;;;10776;15;10777;21;;;10771.0;0.0
4;11900;TRANSLATOR_SPACE_GRAY;10110;8;10109;20;;;10119;8;10120;20;;;10114.5;0.0
4;11900;TRANSLATOR_ASTRO_BLACK;9282;8;9281;20;;;9291;8;9292;20;;;9286.5;0.0
4;11900;TRANSLATOR_ECLIPSE_CHARCOAL;9631;8;9630;20;;;9640;8;9641;20;;;9635.5;0.0
4;11900;TRANSLATOR_VOID_BLUE;10768;8;10767;20;;;10777;8;10778;20;;;10772.5;0.0
4;11900;TRANSLATOR_GRAPHITE_MIST;11020;8;11019;20;;;11030;8;11031;20;;;11025.0;0.0
4;12000;TRANSLATOR_ASTRO_BLACK;9270;12;9269;17;;;9278;12;9279;17;;;9274.0;0.0
4;12000;TRANSLATOR_VOID_BLUE;10786;12;10785;17;;;10796;12;10797;17;;;10791.0;0.0
4;12000;TRANSLATOR_SPACE_GRAY;10112;12;10111;17;;;10121;12;10122;17;;;10116.5;0.0
4;12000;TRANSLATOR_ECLIPSE_CHARCOAL;9624;12;9623;17;;;9633;12;9634;17;;;9628.5;0.0
4;12000;TRANSLATOR_GRAPHITE_MIST;11022;12;11021;17;;;11032;12;11033;17;;;11027.0;0.0
4;12100;TRANSLATOR_ASTRO_BLACK;9262;7;9261;20;;;9271;7;9272;20;;;9266.5;0.0
4;12100;TRANSLATOR_VOID_BLUE;10771;7;10769;20;;;10780;7;10781;20;;;10775.5;0.0
4;12100;TRANSLATOR_SPACE_GRAY;10130;7;10129;20;;;10139;7;10140;20;;;10134.5;0.0
4;12100;TRANSLATOR_ECLIPSE_CHARCOAL;9641;7;9640;20;;;9650;7;9651;20;;;9645.5;0.0
4;12100;TRANSLATOR_GRAPHITE_MIST;11010;7;11009;20;;;11019;7;11021;20;;;11014.5;0.0
4;12200;TRANSLATOR_VOID_BLUE;10775;14;10774;22;;;10785;14;10786;22;;;10780.0;0.0
4;12200;TRANSLATOR_ASTRO_BLACK;9250;14;9249;22;;;9259;14;9260;22;;;9254.5;0.0
4;12200;TRANSLATOR_GRAPHITE_MIST;11010;14;11009;22;;;11020;14;11021;22;;;11015.0;0.0
4;12200;TRANSLATOR_SPACE_GRAY;10134;14;10133;22;;;10143;14;10144;22;;;10138.5;0.0
4;12200;TRANSLATOR_ECLIPSE_CHARCOAL;9640;14;9639;22;;;9649;14;9650;22;;;9644.5;0.0
4;12300;TRANSLATOR_GRAPHITE_MIST;11016;10;11015;17;;;11026;10;11027;17;;;11021.0;0.0
4;12300;TRANSLATOR_VOID_BLUE;10779;10;10778;17;;;10789;10;10790;17;;;10784.0;0.0
4;12300;TRANSLATOR_SPACE_GRAY;10150;10;10149;17;;;10159;10;10160;17;;;10154.5;0.0
4;12300;TRANSLATOR_ECLIPSE_CHARCOAL;9644;10;9643;17;;;9652;10;9653;17;;;9648.0;0.0
4;12300;TRANSLATOR_ASTRO_BLACK;9236;10;9235;17;;;9245;10;9246;17;;;9240.5;0.0
4;12400;TRANSLATOR_ECLIPSE_CHARCOAL;9644;12;9643;21;;;9652;12;9653;21;;;9648.0;0.0
4;12400;TRANSLATOR_VOID_BLUE;10785;12;10784;21;;;10794;12;10796;21;;;10789.5;0.0
4;12400;TRANSLATOR_GRAPHITE_MIST;11014;12;11013;21;;;11024;12;11025;21;;;11019.0;0.0
4;12400;TRANSLATOR_SPACE_GRAY;10160;12;10159;21;;;10169;12;10170;21;;;10164.5;0.0
4;12400;TRANSLATOR_ASTRO_BLACK;9236;12;9235;21;;;9244;12;9245;21;;;9240.0;0.0
4;12500;TRANSLATOR_ECLIPSE_CHARCOAL;9640;13;9639;22;;;9649;13;9650;22;;;9644.5;0.0
4;12500;TRANSLATOR_GRAPHITE_MIST;11014;13;11013;22;;;11024;13;11025;22;;;11019.0;0.0
4;12500;TRANSLATOR_VOID_BLUE;10780;13;10779;22;;;10789;13;10791;22;;;10784.5;0.0
4;12500;TRANSLATOR_SPACE_GRAY;10170;13;10169;22;;;10179;13;10180;22;;;10174.5;0.0
4;12500;TRANSLATOR_ASTRO_BLACK;9229;13;9228;22;;;9238;13;9239;22;;;9233.5;0.0
4;12600;TRANSLATOR_ECLIPSE_CHARCOAL;9648;11;9647;16;;;9657;11;9658;16;;;9652.5;0.0
4;12600;TRANSLATOR_GRAPHITE_MIST;11017;11;11015;16;;;11026;11;11027;16;;;11021.5;0.0
4;12600;TRANSLATOR_ASTRO_BLACK;9229;11;9228;16;;;9238;11;9239;16;;;9233.5;0.0
4;12600;TRANSLATOR_VOID_BLUE;10784;11;10783;16;;;10793;11;10794;16;;;10788.5;0.0
4;12600;TRANSLATOR_SPACE_GRAY;10176;11;10174;16;;;10185;11;10186;16;;;10180.5;0.0
4;12700;TRANSLATOR_ECLIPSE_CHARCOAL;9659;5;9655;7;9654;22;9664;7;9665;22;;;9661.5;0.0
4;12700;TRANSLATOR_VOID_BLUE;10794;5;10790;7;10789;22;10799;7;10801;22;;;10796.5;0.0
4;12700;TRANSLATOR_GRAPHITE_MIST;11034;5;11030;7;11028;22;11039;7;11041;22;;;11036.5;0.0
4;12700;TRANSLATOR_ASTRO_BLACK;9247;5;9243;7;9242;22;9251;7;9252;22;;;9249.0;0.0
4;12700;TRANSLATOR_SPACE_GRAY;10178;5;10174;7;10173;22;10183;7;10184;22;;;10180.5;0.0
4;12800;TRANSLATOR_SPACE_GRAY;10189;12;10188;18;;;10198;12;10199;18;;;10193.5;0.0
4;12800;TRANSLATOR_ECLIPSE_CHARCOAL;9663;12;9662;18;;;9672;12;9673;18;;;9667.5;0.0
4;12800;TRANSLATOR_ASTRO_BLACK;9239;12;9238;18;;;9247;12;9248;18;;;9243.0;0.0
4;12800;TRANSLATOR_GRAPHITE_MIST;11022;12;11021;18;;;11031;12;11033;18;;;11026.5;0.0
4;12800;TRANSLATOR_VOID_BLUE;10791;12;10790;18;;;10800;12;10801;18;;;10795.5;0.0
4;12900;TRANSLATOR_SPACE_GRAY;10176;12;10175;22;;;10185;12;10186;22;;;10180.5;0.0
4;12900;TRANSLATOR_ECLIPSE_CHARCOAL;9645;12;9644;22;;;9654;12;9655;22;;;9649.5;0.0
4;12900;TRANSLATOR_ASTRO_BLACK;9236;12;9235;22;;;9244;12;9245;22;;;9240.0;0.0
4;12900;TRANSLATOR_GRAPHITE_MIST;11027;12;11026;22;;;11037;12;11038;22;;;11032.0;0.0
4;12900;TRANSLATOR_VOID_BLUE;10786;12;10785;22;;;10795;12;10796;22;;;10790.5;0.0
4;13000;TRANSLATOR_ASTRO_BLACK;9240;15;9239;21;;;9249;15;9250;21;;;9244.5;0.0
4;13000;TRANSLATOR_SPACE_GRAY;10187;15;10186;21;;;10196;15;10197;21;;;10191.5;0.0
4;13000;TRANSLATOR_ECLIPSE_CHARCOAL;9636;15;9635;21;;;9644;15;9645;21;;;9640.0;0.0
4;13000;TRANSLATOR_VOID_BLUE;10791;15;10790;21;;;10800;15;10801;21;;;10795.5;0.0
4;13000;TRANSLATOR_GRAPHITE_MIST;11051;15;11050;21;;;11061;15;11062;21;;;11056.0;0.0
4;13100;TRANSLATOR_ASTRO_BLACK;9242;27;;;;;9251;9;9252;18;;;9246.5;0.0
4;13100;TRANSLATOR_VOID_BLUE;10777;9;10776;18;;;10786;9;10787;18;;;10781.5;0.0
4;13100;TRANSLATOR_SPACE_GRAY;10189;9;10188;18;;;10198;9;10199;18;;;10193.5;0.0
4;13100;TRANSLATOR_ECLIPSE_CHARCOAL;9633;9;9632;18;;;9642;9;9643;18;;;9637.5;0.0
4;13100;TRANSLATOR_GRAPHITE_MIST;11049;9;11048;18;;;11059;9;11060;18;;;11054.0;0.0
4;13200;TRANSLATOR_VOID_BLUE;10782;15;10781;17;;;10792;15;10793;17;;;10787.0;0.0
4;13200;TRANSLATOR_GRAPHITE_MIST;11052;15;11051;17;;;11062;15;11063;17;;;11057.0;0.0
4;13200;TRANSLATOR_ASTRO_BLACK;9233;15;9232;17;;;9241;15;9242;17;;;9237.0;0.0
4;13200;TRANSLATOR_SPACE_GRAY;10186;15;10185;17;;;10195;15;10196;17;;;10190.5;0.0
4;13200;TRANSLATOR_ECLIPSE_CHARCOAL;9637;15;9636;17;;;9646;15;9647;17;;;9641.5;0.0
4;13300;TRANSLATOR_ASTRO_BLACK;9230;9;9229;16;;;9239;25;;;;;9234.5;0.0
4;13300;TRANSLATOR_GRAPHITE_MIST;11037;9;11036;16;;;11047;9;11048;16;;;11042.0;0.0
4;13300;TRANSLATOR_VOID_BLUE;10798;9;10797;16;;;10807;9;10809;16;;;10802.5;0.0
4;13300;TRANSLATOR_SPACE_GRAY;10203;9;10202;16;;;10212;9;10213;16;;;10207.5;0.0
4;13300;TRANSLATOR_ECLIPSE_CHARCOAL;9635;9;9634;16;;;9643;9;9644;16;;;9639.0;0.0
4;13400;TRANSLATOR_GRAPHITE_MIST;11041;10;11040;21;;;11051;10;11052;21;;;11046.0;0.0
4;13400;TRANSLATOR_VOID_BLUE;10794;10;10793;21;;;10804;10;10805;21;;;10799.0;0.0
4;13400;TRANSLATOR_SPACE_GRAY;10187;10;10186;21;;;10196;10;10197;21;;;10191.5;0.0
4;13400;TRANSLATOR_ECLIPSE_CHARCOAL;9635;10;9634;21;;;9644;10;9645;21;;;9639.5;0.0
4;13400;TRANSLATOR_ASTRO_BLACK;9224;10;9223;21;;;9233;10;9234;21;;;9228.5;0.0
4;13500;TRANSLATOR_ECLIPSE_CHARCOAL;9625;13;9624;19;;;9633;13;9634;19;;;9629.0;0.0
4;13500;TRANSLATOR_VOID_BLUE;10789;13;10788;19;;;10798;13;10800;19;;;10793.5;0.0
4;13500;TRANSLATOR_GRAPHITE_MIST;11048;13;11047;19;;;11058;13;11059;19;;;11053.0;0.0
4;13500;TRANSLATOR_SPACE_GRAY;10181;13;10180;19;;;10190;13;10191;19;;;10185.5;0.0
4;13500;TRANSLATOR_ASTRO_BLACK;9226;13;9225;19;;;9234;13;9235;19;;;9230.0;0.0
4;13600;TRANSLATOR_ECLIPSE_CHARCOAL;9624;12;9623;17;;;9632;12;9633;17;;;9628.0;0.0
4;13600;TRANSLATOR_GRAPHITE_MIST;11062;12;11061;17;;;11072;12;11073;17;;;11067.0;0.0
4;13600;TRANSLATOR_ASTRO_BLACK;9228;12;9227;17;;;9236;12;9237;17;;;9232.0;0.0
4;13600;TRANSLATOR_VOID_BLUE;10808;12;10807;17;;;10817;12;10818;17;;;10812.5;0.0
4;13600;TRANSLATOR_SPACE_GRAY;10181;12;10180;17;;;10190;12;10191;17;;;10185.5;0.0
4;13700;TRANSLATOR_ECLIPSE_CHARCOAL;9634;8;9633;19;;;9642;8;9643;19;;;9638.0;0.0
4;13700;TRANSLATOR_GRAPHITE_MIST;11080;8;11079;19;;;11090;8;11091;19;;;11085.0;0.0
4;13700;TRANSLATOR_ASTRO_BLACK;9230;8;9229;19;;;9239;8;9240;19;;;9234.5;0.0
4;13700;TRANSLATOR_VOID_BLUE;10800;8;10799;19;;;10810;8;10811;19;;;10805.0;0.0
4;13700;TRANSLATOR_SPACE_GRAY;10189;8;10188;19;;;10198;8;10199;19;;;10193.5;0.0
4;13800;TRANSLATOR_SPACE_GRAY;10182;9;10181;16;;;10191;9;10192;16;;;10186.5;0.0
4;13800;TRANSLATOR_ECLIPSE_CHARCOAL;9644;9;9643;16;;;9653;9;9654;16;;;9648.5;0.0
4;13800;TRANSLATOR_VOID_BLUE;10806;9;10805;16;;;10816;9;10817;16;;;10811.0;0.0
4;13800;TRANSLATOR_ASTRO_BLACK;9232;9;9231;16;;;9240;9;9241;16;;;9236.0;0.0
4;13800;TRANSLATOR_GRAPHITE_MIST;11097;9;11096;16;;;11107;9;11108;16;;;11102.0;0.0
4;13900;TRANSLATOR_SPACE_GRAY;10169;7;10168;20;;;10178;7;10179;20;;;10173.5;0.0
4;13900;TRANSLATOR_ASTRO_BLACK;9221;7;9220;20;;;9229;7;9230;20;;;9225.0;0.0
4;13900;TRANSLATOR_ECLIPSE_CHARCOAL;9644;7;9643;20;;;9653;7;9654;20;;;9648.5;0.0
4;13900;TRANSLATOR_GRAPHITE_MIST;11107;7;11106;20;;;11117;7;11118;20;;;11112.0;0.0
4;13900;TRANSLATOR_VOID_BLUE;10804;7;10803;20;;;10813;7;10814;20;;;10808.5;0.0
4;14000;TRANSLATOR_SPACE_GRAY;10175;9;10174;21;;;10184;9;10186;21;;;10179.5;0.0
4;14000;TRANSLATOR_ASTRO_BLACK;9227;9;9226;21;;;9236;30;;;;;9231.5;0.0
4;14000;TRANSLATOR_ECLIPSE_CHARCOAL;9652;9;9651;21;;;9661;9;9662;21;;;9656.5;0.0
4;14000;TRANSLATOR_VOID_BLUE;10791;9;10790;21;;;10800;9;10802;21;;;10795.5;0.0
4;14000;TRANSLATOR_GRAPHITE_MIST;11109;9;11108;21;;;11119;9;11120;21;;;11114.0;0.0
4;14100;TRANSLATOR_VOID_BLUE;10793;9;10792;17;;;10802;9;10804;17;;;10797.5;0.0
4;14100;TRANSLATOR_ASTRO_BLACK;9233;9;9232;17;;;9241;9;9242;17;;;9237.0;0.0
4;14100;TRANSLATOR_SPACE_GRAY;10167;9;10166;17;;;10177;9;10178;17;;;10172.0;0.0
4;14100;TRANSLATOR_ECLIPSE_CHARCOAL;9659;9;9658;17;;;9668;9;9669;17;;;9663.5;0.0
4;14100;TRANSLATOR_GRAPHITE_MIST;11096;9;11095;17;;;11106;9;11107;17;;;11101.0;0.0
4;14200;TRANSLATOR_ASTRO_BLACK;9222;31;;;;;9231;12;9232;19;;;9226.5;0.0
4;14200;TRANSLATOR_VOID_BLUE;10804;12;10803;19;;;10814;12;10815;19;;;10809.0;0.0
4;14200;TRANSLATOR_SPACE_GRAY;10179;12;10178;19;;;10188;12;10189;19;;;10183.5;0.0
4;14200;TRANSLATOR_ECLIPSE_CHARCOAL;9662;12;9661;19;;;9671;12;9672;19;;;9666.5;0.0
4;14200;TRANSLATOR_GRAPHITE_MIST;11087;12;11086;19;;;11097;12;11098;19;;;11092.0;0.0
4;14300;TRANSLATOR_VOID_BLUE;10829;13;10828;21;;;10839;13;10840;21;;;10834.0;0.0
4;14300;TRANSLATOR_GRAPHITE_MIST;11101;13;11099;21;;;11110;13;11112;21;;;11105.5;0.0
4;14300;TRANSLATOR_ASTRO_BLACK;9201;13;9200;21;;;9209;13;9210;21;;;9205.0;0.0
4;14300;TRANSLATOR_SPACE_GRAY;10179;13;10178;21;;;10188;13;10189;21;;;10183.5;0.0
4;14300;TRANSLATOR_ECLIPSE_CHARCOAL;9672;13;9671;21;;;9680;13;9681;21;;;9676.0;0.0
4;14400;TRANSLATOR_GRAPHITE_MIST;11101;11;11100;19;;;11111;11;11112;19;;;11106.0;0.0
4;14400;TRANSLATOR_VOID_BLUE;10822;11;10821;19;;;10832;11;10833;19;;;10827.0;0.0
4;14400;TRANSLATOR_SPACE_GRAY;10190;11;10189;19;;;10199;11;10200;19;;;10194.5;0.0
4;14400;TRANSLATOR_ASTRO_BLACK;9204;11;9203;19;;;9213;11;9214;19;;;9208.5;0.0
4;14400;TRANSLATOR_ECLIPSE_CHARCOAL;9668;11;9667;19;;;9676;11;9677;19;;;9672.0;0.0
4;14500;TRANSLATOR_GRAPHITE_MIST;11100;15;11099;22;;;11110;15;11111;22;;;11105.0;0.0
4;14500;TRANSLATOR_VOID_BLUE;10825;15;10824;22;;;10834;15;10835;22;;;10829.5;0.0
4;14500;TRANSLATOR_SPACE_GRAY;10196;15;10195;22;;;10205;15;10206;22;;;10200.5;0.0
4;14500;TRANSLATOR_ASTRO_BLACK;9203;15;9202;22;;;9212;15;9213;22;;;9207.5;0.0
4;14500;TRANSLATOR_ECLIPSE_CHARCOAL;9671;15;9670;22;;;9680;15;9681;22;;;9675.5;0.0
4;14600;TRANSLATOR_ECLIPSE_CHARCOAL;9679;11;9678;18;;;9688;29;;;;;9683.5;0.0
4;14600;TRANSLATOR_VOID_BLUE;10840;11;10839;18;;;10850;11;10851;18;;;10845.0;0.0
4;14600;TRANSLATOR_GRAPHITE_MIST;11080;11;11079;18;;;11090;11;11091;18;;;11085.0;0.0
4;14600;TRANSLATOR_ASTRO_BLACK;9200;11;9199;18;;;9209;11;9210;18;;;9204.5;0.0
4;14600;TRANSLATOR_SPACE_GRAY;10199;11;10198;18;;;10208;11;10209;18;;;10203.5;0.0
4;14700;TRANSLATOR_ECLIPSE_CHARCOAL;9673;12;9672;18;;;9682;12;9683;18;;;9677.5;0.0
4;14700;TRANSLATOR_GRAPHITE_MIST;11092;12;11091;18;;;11102;12;11103;18;;;11097.0;0.0
4;14700;TRANSLATOR_ASTRO_BLACK;9197;12;9196;18;;;9205;12;9206;18;;;9201.0;0.0
4;14700;TRANSLATOR_VOID_BLUE;10825;12;10824;18;;;10834;12;10835;18;;;10829.5;0.0
4;14700;TRANSLATOR_SPACE_GRAY;10209;12;10208;18;;;10218;12;10219;18;;;10213.5;0.0
4;14800;TRANSLATOR_ECLIPSE_CHARCOAL;9681;13;9680;15;;;9690;13;9691;15;;;9685.5;0.0
4;14800;TRANSLATOR_VOID_BLUE;10836;13;10835;15;;;10846;13;10847;15;;;10841.0;0.0
4;14800;TRANSLATOR_GRAPHITE_MIST;11090;13;11089;15;;;11100;13;11101;15;;;11095.0;0.0
4;14800;TRANSLATOR_ASTRO_BLACK;9205;13;9204;15;;;9213;13;9214;15;;;9209.0;0.0
4;14800;TRANSLATOR_SPACE_GRAY;10211;13;10210;15;;;10220;13;10221;15;;;10215.5;0.0
4;14900;TRANSLATOR_SPACE_GRAY;10214;13;10213;20;;;10224;13;10225;20;;;10219.0;0.0
4;14900;TRANSLATOR_ECLIPSE_CHARCOAL;9688;13;9687;20;;;9697;13;9698;20;;;9692.5;0.0
4;14900;TRANSLATOR_ASTRO_BLACK;9208;13;9207;20;;;9216;13;9217;20;;;9212.0;0.0
4;14900;TRANSLATOR_GRAPHITE_MIST;11067;13;11065;20;;;11076;13;11078;20;;;11071.5;0.0
4;14900;TRANSLATOR_VOID_BLUE;10837;13;10836;20;;;10846;13;10847;20;;;10841.5;0.0
4;15000;TRANSLATOR_SPACE_GRAY;10215;13;10214;22;;;10224;13;10225;22;;;10219.5;0.0
4;15000;TRANSLATOR_ECLIPSE_CHARCOAL;9690;13;9689;22;;;9699;13;9700;22;;;9694.5;0.0
4;15000;TRANSLATOR_ASTRO_BLACK;9197;13;9196;22;;;9205;13;9206;22;;;9201.0;0.0
4;15000;TRANSLATOR_GRAPHITE_MIST;11077;13;11075;22;;;11086;13;11087;22;;;11081.5;0.0
4;15000;TRANSLATOR_VOID_BLUE;10831;13;10830;22;;;10841;13;10842;22;;;10836.0;0.0
4;15100;TRANSLATOR_SPACE_GRAY;10230;11;10229;16;;;10239;11;10240;16;;;10234.5;0.0
4;15100;TRANSLATOR_ASTRO_BLACK;9189;11;9188;16;;;9198;11;9199;16;;;9193.5;0.0
4;15100;TRANSLATOR_ECLIPSE_CHARCOAL;9682;11;9681;16;;;9691;11;9692;16;;;9686.5;0.0
4;15100;TRANSLATOR_VOID_BLUE;10826;11;10825;16;;;10836;11;10837;16;;;10831.0;0.0
4;15100;TRANSLATOR_GRAPHITE_MIST;11063;11;11061;16;;;11072;11;11073;16;;;11067.5;0.0
4;15200;TRANSLATOR_ASTRO_BLACK;9188;8;9187;16;;;9196;8;9197;16;;;9192.0;0.0
4;15200;TRANSLATOR_VOID_BLUE;10824;8;10823;16;;;10834;8;10835;16;;;10829.0;0.0
4;15200;TRANSLATOR_SPACE_GRAY;10230;8;10229;16;;;10239;8;10240;16;;;10234.5;0.0
4;15200;TRANSLATOR_ECLIPSE_CHARCOAL;9696;8;9695;16;;;9705;8;9706;16;;;9700.5;0.0
4;15200;TRANSLATOR_GRAPHITE_MIST;11060;8;11059;16;;;11070;8;11071;16;;;11065.0;0.0
4;15300;TRANSLATOR_ASTRO_BLACK;9181;8;9180;21;;;9189;8;9190;21;;;9185.0;0.0
4;15300;TRANSLATOR_SPACE_GRAY;10240;8;10239;21;;;10249;8;10250;21;;;10244.5;0.0
4;15300;TRANSLATOR_VOID_BLUE;10820;8;10819;21;;;10830;8;10831;21;;;10825.0;0.0
4;15300;TRANSLATOR_ECLIPSE_CHARCOAL;9705;8;9704;21;;;9714;8;9715;21;;;9709.5;0.0
4;15300;TRANSLATOR_GRAPHITE_MIST;11038;8;11037;21;;;11048;8;11049;21;;;11043.0;0.0
4;15400;TRANSLATOR_ASTRO_BLACK;9185;8;9184;16;;;9193;8;9194;16;;;9189.0;0.0
4;15400;TRANSLATOR_GRAPHITE_MIST;11054;8;11053;16;;;11064;8;11065;16;;;11059.0;0.0
4;15400;TRANSLATOR_VOID_BLUE;10822;8;10821;16;;;10832;8;10833;16;;;10827.0;0.0
4;15400;TRANSLATOR_SPACE_GRAY;10230;8;10229;16;;;10240;8;10241;16;;;10235.0;0.0
4;15400;TRANSLATOR_ECLIPSE_CHARCOAL;9703;8;9702;16;;;9712;8;9713;16;;;9707.5;0.0
4;15500;TRANSLATOR_GRAPHITE_MIST;11055;14;11053;19;;;11064;14;11065;19;;;11059.5;0.0
4;15500;TRANSLATOR_VOID_BLUE;10817;14;10816;19;;;10827;14;10828;19;;;10822.0;0.0
4;15500;TRANSLATOR_SPACE_GRAY;10231;14;10230;19;;;10241;14;10242;19;;;10236.0;0.0
4;15500;TRANSLATOR_ECLIPSE_CHARCOAL;9697;14;9696;19;;;9706;14;9707;19;;;9701.5;0.0
4;15500;TRANSLATOR_ASTRO_BLACK;9175;14;9174;19;;;9183;14;9184;19;;;9179.0;0.0
4;15600;TRANSLATOR_VOID_BLUE;10783;10;10782;17;;;10793;10;10794;17;;;10788.0;0.0
4;15600;TRANSLATOR_ECLIPSE_CHARCOAL;9716;10;9715;17;;;9724;10;9725;17;;;9720.0;0.0
4;15600;TRANSLATOR_GRAPHITE_MIST;11058;10;11057;17;;;11068;10;11069;17;;;11063.0;0.0
4;15600;TRANSLATOR_SPACE_GRAY;10234;10;10233;17;;;10243;10;10244;17;;;10238.5;0.0
4;15600;TRANSLATOR_ASTRO_BLACK;9204;10;9203;17;;;9212;10;9213;17;;;9208.0;0.0
4;15700;TRANSLATOR_ECLIPSE_CHARCOAL;9726;15;9725;16;;;9734;15;9735;16;;;9730.0;0.0
4;15700;TRANSLATOR_GRAPHITE_MIST;11045;15;11044;16;;;11055;15;11056;16;;;11050.0;0.0
4;15700;TRANSLATOR_VOID_BLUE;10775;15;10773;16;;;10784;15;10785;16;;;10779.5;0.0
4;15700;TRANSLATOR_ASTRO_BLACK;9203;15;9202;16;;;9211;15;9212;16;;;9207.0;0.0
4;15700;TRANSLATOR_SPACE_GRAY;10246;15;10245;16;;;10255;15;10256;16;;;10250.5;0.0
4;15800;TRANSLATOR_ECLIPSE_CHARCOAL;9716;14;9715;21;;;9724;14;9725;21;;;9720.0;0.0
4;15800;TRANSLATOR_GRAPHITE_MIST;11045;14;11044;21;;;11055;14;11056;21;;;11050.0;0.0
4;15800;TRANSLATOR_ASTRO_BLACK;9203;14;9202;21;;;9212;35;;;;;9207.5;0.0
4;15800;TRANSLATOR_SPACE_GRAY;10245;14;10244;21;;;10255;14;10256;21;;;10250.0;0.0
4;15800;TRANSLATOR_VOID_BLUE;10785;14;10784;21;;;10795;14;10796;21;;;10790.0;0.0
4;15900;TRANSLATOR_ECLIPSE_CHARCOAL;9720;15;9719;20;;;9728;15;9729;20;;;9724.0;0.0
4;15900;TRANSLATOR_GRAPHITE_MIST;11033;15;11032;20;;;11043;15;11044;20;;;11038.0;0.0
4;15900;TRANSLATOR_ASTRO_BLACK;9192;15;9191;20;;;9200;15;9201;20;;;9196.0;0.0
4;15900;TRANSLATOR_SPACE_GRAY;10245;15;10244;20;;;10254;15;10255;20;;;10249.5;0.0
4;15900;TRANSLATOR_VOID_BLUE;10793;15;10792;20;;;10803;15;10804;20;;;10798.0;0.0
4;16000;TRANSLATOR_SPACE_GRAY;10273;13;10272;20;;;10282;13;10283;20;;;10277.5;0.0
4;16000;TRANSLATOR_ECLIPSE_CHARCOAL;9737;13;9736;20;;;9746;13;9747;20;;;9741.5;0.0
4;16000;TRANSLATOR_ASTRO_BLACK;9202;13;9201;20;;;9210;13;9211;20;;;9206.0;0.0
4;16000;TRANSLATOR_GRAPHITE_MIST;11025;13;11024;20;;;11035;13;11036;20;;;11030.0;0.0
4;16000;TRANSLATOR_VOID_BLUE;10797;13;10796;20;;;10807;13;10808;20;;;10802.0;0.0
4;16100;TRANSLATOR_SPACE_GRAY;10275;15;10274;16;;;10284;15;10285;16;;;10279.5;0.0
4;16100;TRANSLATOR_ECLIPSE_CHARCOAL;9742;15;9741;16;;;9750;15;9751;16;;;9746.0;0.0
4;16100;TRANSLATOR_ASTRO_BLACK;9203;15;9202;16;;;9211;15;9212;16;;;9207.0;0.0
4;16100;TRANSLATOR_GRAPHITE_MIST;11023;15;11022;16;;;11033;15;11034;16;;;11028.0;0.0
4;16100;TRANSLATOR_VOID_BLUE;10805;15;10804;16;;;10815;15;10816;16;;;10810.0;0.0
4;16200;TRANSLATOR_ASTRO_BLACK;9208;13;9207;18;;;9216;13;9217;18;;;9212.0;0.0
4;16200;TRANSLATOR_SPACE_GRAY;10274;13;10273;18;;;10283;13;10284;18;;;10278.5;0.0
4;16200;TRANSLATOR_VOID_BLUE;10812;13;10811;18;;;10821;13;10823;18;;;10816.5;0.0
4;16200;TRANSLATOR_ECLIPSE_CHARCOAL;9754;13;9753;18;;;9763;13;9764;18;;;9758.5;0.0
4;16200;TRANSLATOR_GRAPHITE_MIST;11023;13;11021;18;;;11032;13;11033;18;;;11027.5;0.0
4;16300;TRANSLATOR_ASTRO_BLACK;9199;8;9198;18;;;9208;26;;;;;9203.5;0.0
4;16300;TRANSLATOR_VOID_BLUE;10817;8;10816;18;;;10826;8;10827;18;;;10821.5;0.0
4;16300;TRANSLATOR_SPACE_GRAY;10249;8;10248;18;;;10259;8;10260;18;;;10254.0;0.0
4;16300;TRANSLATOR_GRAPHITE_MIST;11035;8;11034;18;;;11045;8;11046;18;;;11040.0;0.0
4;16300;TRANSLATOR_ECLIPSE_CHARCOAL;9742;8;9741;18;;;9750;8;9751;18;;;9746.0;0.0
4;16400;TRANSLATOR_GRAPHITE_MIST;11033;8;11032;19;;;11043;8;11044;19;;;11038.0;0.0
4;16400;TRANSLATOR_ASTRO_BLACK;9191;8;9190;19;;;9199;8;9200;19;;;9195.0;0.0
4;16400;TRANSLATOR_SPACE_GRAY;10243;8;10242;19;;;10252;8;10253;19;;;10247.5;0.0
4;16400;TRANSLATOR_VOID_BLUE;10821;8;10820;19;;;10831;8;10832;19;;;10826.0;0.0
4;16400;TRANSLATOR_ECLIPSE_CHARCOAL;9731;8;9730;19;;;9739;8;9740;19;;;9735.0;0.0
4;16500;TRANSLATOR_VOID_BLUE;10808;9;10807;18;;;10817;9;10818;18;;;10812.5;0.0
4;16500;TRANSLATOR_ASTRO_BLACK;9189;9;9188;18;;;9197;9;9198;18;;;9193.0;0.0
4;16500;TRANSLATOR_GRAPHITE_MIST;11037;9;11036;18;;;11047;9;11048;18;;;11042.0;0.0
4;16500;TRANSLATOR_ECLIPSE_CHARCOAL;9734;9;9733;18;;;9742;9;9743;18;;;9738.0;0.0
4;16500;TRANSLATOR_SPACE_GRAY;10256;9;10255;18;;;10265;9;10266;18;;;10260.5;0.0
4;16600;TRANSLATOR_VOID_BLUE;10805;7;10804;18;;;10815;7;10816;18;;;10810.0;0.0
4;16600;TRANSLATOR_GRAPHITE_MIST;11028;7;11027;18;;;11038;7;11039;18;;;11033.0;0.0
4;16600;TRANSLATOR_SPACE_GRAY;10257;7;10256;18;;;10266;7;10267;18;;;10261.5;0.0
4;16600;TRANSLATOR_ECLIPSE_CHARCOAL;9742;7;9741;18;;;9751;7;9752;18;;;9746.5;0.0
4;16600;TRANSLATOR_ASTRO_BLACK;9180;7;9179;18;;;9188;7;9189;18;;;9184.0;0.0
4;16700;TRANSLATOR_VOID_BLUE;10824;13;10823;22;;;10833;13;10834;22;;;10828.5;0.0
4;16700;TRANSLATOR_ECLIPSE_CHARCOAL;9734;13;9733;22;;;9743;13;9744;22;;;9738.5;0.0
4;16700;TRANSLATOR_GRAPHITE_MIST;11014;13;11013;22;;;11024;13;11025;22;;;11019.0;0.0
4;16700;TRANSLATOR_SPACE_GRAY;10244;13;10243;22;;;10253;13;10254;22;;;10248.5;0.0
4;16700;TRANSLATOR_ASTRO_BLACK;9175;13;9174;22;;;9183;13;9184;22;;;9179.0;0.0
4;16800;TRANSLATOR_GRAPHITE_MIST;11004;14;11003;15;;;11014;14;11015;15;;;11009.0;0.0
4;16800;TRANSLATOR_ECLIPSE_CHARCOAL;9731;14;9730;15;;;9740;14;9741;15;;;9735.5;0.0
4;16800;TRANSLATOR_ASTRO_BLACK;9163;14;9162;15;;;9171;14;9172;15;;;9167.0;0.0
4;16800;TRANSLATOR_VOID_BLUE;10809;14;10807;15;;;10818;14;10819;15;;;10813.5;0.0
4;16800;TRANSLATOR_SPACE_GRAY;10250;14;10249;15;;;10259;14;10260;15;;;10254.5;0.0
4;16900;TRANSLATOR_GRAPHITE_MIST;10988;9;10986;21;;;10997;9;10998;21;;;10992.5;0.0
4;16900;TRANSLATOR_ECLIPSE_CHARCOAL;9723;9;9722;21;;;9731;9;9732;21;;;9727.0;0.0
4;16900;TRANSLATOR_ASTRO_BLACK;9171;9;9170;21;;;9180;9;9181;21;;;9175.5;0.0
4;16900;TRANSLATOR_SPACE_GRAY;10246;9;10245;21;;;10255;9;10256;21;;;10250.5;0.0
4;16900;TRANSLATOR_VOID_BLUE;10811;9;10810;21;;;10821;9;10822;21;;;10816.0;0.0
4;17000;TRANSLATOR_ECLIPSE_CHARCOAL;9706;9;9705;22;;;9715;9;9716;22;;;9710.5;0.0
4;17000;TRANSLATOR_SPACE_GRAY;10240;9;10239;22;;;10249;9;10250;22;;;10244.5;0.0
4;17000;TRANSLATOR_ASTRO_BLACK;9168;9;9167;22;;;9177;9;9178;22;;;9172.5;0.0
4;17000;TRANSLATOR_GRAPHITE_MIST;10983;9;10982;22;;;10992;9;10993;22;;;10987.5;0.0
4;17000;TRANSLATOR_VOID_BLUE;10804;9;10803;22;;;10813;9;10815;22;;;10808.5;0.0
4;17100;TRANSLATOR_ECLIPSE_CHARCOAL;9726;15;9725;20;;;9735;15;9736;20;;;9730.5;0.0
4;17100;TRANSLATOR_SPACE_GRAY;10228;15;10227;20;;;10237;15;10238;20;;;10232.5;0.0
4;17100;TRANSLATOR_ASTRO_BLACK;9168;15;9167;20;;;9176;15;9177;20;;;9172.0;0.0
4;17100;TRANSLATOR_GRAPHITE_MIST;10997;15;10996;20;;;11006;15;11008;20;;;11001.5;0.0
4;17100;TRANSLATOR_VOID_BLUE;10810;15;10809;20;;;10819;15;10820;20;;;10814.5;0.0
4;17200;TRANSLATOR_SPACE_GRAY;10251;11;10250;21;;;10260;11;10261;21;;;10255.5;0.0
4;17200;TRANSLATOR_ASTRO_BLACK;9166;11;9165;21;;;9174;11;9175;21;;;9170.0;0.0
4;17200;TRANSLATOR_VOID_BLUE;10797;11;10796;21;;;10806;11;10807;21;;;10801.5;0.0
4;17200;TRANSLATOR_ECLIPSE_CHARCOAL;9714;11;9713;21;;;9723;11;9724;21;;;9718.5;0.0
4;17200;TRANSLATOR_GRAPHITE_MIST;10987;11;10986;21;;;10997;11;10998;21;;;10992.0;0.0
4;17300;TRANSLATOR_VOID_BLUE;10800;11;10799;16;;;10810;11;10811;16;;;10805.0;0.0
4;17300;TRANSLATOR_ASTRO_BLACK;9170;11;9169;16;;;9179;11;9180;16;;;9174.5;0.0
4;17300;TRANSLATOR_SPACE_GRAY;10235;11;10234;16;;;10245;11;10246;16;;;10240.0;0.0
4;17300;TRANSLATOR_ECLIPSE_CHARCOAL;9720;11;9719;16;;;9728;11;9729;16;;;9724.0;0.0
4;17300;TRANSLATOR_GRAPHITE_MIST;10995;11;10994;16;;;11005;11;11006;16;;;11000.0;0.0
4;17400;TRANSLATOR_ASTRO_BLACK;9155;12;9154;21;;;9163;12;9164;21;;;9159.0;0.0
4;17400;TRANSLATOR_SPACE_GRAY;10216;12;10215;21;;;10225;12;10226;21;;;10220.5;0.0
4;17400;TRANSLATOR_VOID_BLUE;10807;12;10806;21;;;10817;12;10818;21;;;10812.0;0.0
4;17400;TRANSLATOR_GRAPHITE_MIST;11003;12;11002;21;;;11013;12;11014;21;;;11008.0;0.0
4;17400;TRANSLATOR_ECLIPSE_CHARCOAL;9717;12;9716;21;;;9726;33;;;;;9721.5;0.0
4;17500;TRANSLATOR_ASTRO_BLACK;9159;6;9156;11;9155;15;9164;11;9165;15;;;9161.5;0.0
4;17500;TRANSLATOR_GRAPHITE_MIST;11005;6;11001;11;11000;15;11011;11;11012;15;;;11008.0;0.0
4;17500;TRANSLATOR_SPACE_GRAY;10222;6;10218;11;10217;15;10227;11;10228;15;;;10224.5;0.0
4;17500;TRANSLATOR_VOID_BLUE;10819;6;10815;11;10814;15;10825;11;10826;15;;;10822.0;0.0
4;17500;TRANSLATOR_ECLIPSE_CHARCOAL;9715;6;9711;11;9710;15;9719;11;9720;15;;;9717.0;0.0
4;17600;TRANSLATOR_GRAPHITE_MIST;10979;11;10978;22;;;10989;11;10990;22;;;10984.0;0.0
4;17600;TRANSLATOR_VOID_BLUE;10802;11;10801;22;;;10811;11;10812;22;;;10806.5;0.0
4;17600;TRANSLATOR_ECLIPSE_CHARCOAL;9700;33;;;;;9709;11;9710;22;;;9704.5;0.0
4;17600;TRANSLATOR_SPACE_GRAY;10235;11;10234;22;;;10244;11;10245;22;;;10239.5;0.0
4;17600;TRANSLATOR_ASTRO_BLACK;9165;11;9164;22;;;9173;11;9174;22;;;9169.0;0.0
4;17700;TRANSLATOR_GRAPHITE_MIST;10975;14;10974;15;;;10985;14;10986;15;;;10980.0;0.0
4;17700;TRANSLATOR_VOID_BLUE;10797;14;10796;15;;;10806;14;10808;15;;;10801.5;0.0
4;17700;TRANSLATOR_SPACE_GRAY;10234;14;10233;15;;;10244;14;10245;15;;;10239.0;0.0
4;17700;TRANSLATOR_ECLIPSE_CHARCOAL;9706;14;9705;15;;;9715;14;9716;15;;;9710.5;0.0
4;17700;TRANSLATOR_ASTRO_BLACK;9157;14;9156;15;;;9166;14;9167;15;;;9161.5;0.0
4;17800;TRANSLATOR_VOID_BLUE;10795;14;10794;21;;;10805;14;10806;21;;;10800.0;0.0
4;17800;TRANSLATOR_ECLIPSE_CHARCOAL;9696;14;9695;21;;;9705;14;9706;21;;;9700.5;0.0
4;17800;TRANSLATOR_GRAPHITE_MIST;10970;14;10969;21;;;10980;14;10981;21;;;10975.0;0.0
4;17800;TRANSLATOR_ASTRO_BLACK;9154;14;9153;21;;;9162;14;9163;21;;;9158.0;0.0
4;17800;TRANSLATOR_SPACE_GRAY;10235;14;10234;21;;;10244;14;10245;21;;;10239.5;0.0
4;17900;TRANSLATOR_GRAPHITE_MIST;10973;15;10972;21;;;10983;15;10984;21;;;10978.0;0.0
4;17900;TRANSLATOR_ECLIPSE_CHARCOAL;9708;15;9707;21;;;9717;15;9718;21;;;9712.5;0.0
4;17900;TRANSLATOR_ASTRO_BLACK;9174;15;9173;21;;;9182;15;9183;21;;;9178.0;0.0
4;17900;TRANSLATOR_VOID_BLUE;10782;15;10781;21;;;10791;15;10792;21;;;10786.5;0.0
4;17900;TRANSLATOR_SPACE_GRAY;10236;15;10235;21;;;10245;15;10246;21;;;10240.5;0.0
4;18000;TRANSLATOR_ECLIPSE_CHARCOAL;9706;12;9705;22;;;9715;12;9716;22;;;9710.5;0.0
4;18000;TRANSLATOR_ASTRO_BLACK;9163;34;;;;;9172;12;9173;22;;;9167.5;0.0
4;18000;TRANSLATOR_GRAPHITE_MIST;10987;12;10985;22;;;10996;12;10997;22;;;10991.5;0.0
4;18000;TRANSLATOR_SPACE_GRAY;10240;12;10239;22;;;10249;12;10250;22;;;10244.5;0.0
4;18000;TRANSLATOR_VOID_BLUE;10777;12;10776;22;;;10786;12;10788;22;;;10781.5;0.0
4;18100;TRANSLATOR_ECLIPSE_CHARCOAL;9697;8;9696;22;;;9705;8;9706;22;;;9701.0;0.0
4;18100;TRANSLATOR_SPACE_GRAY;10233;8;10232;22;;;10242;8;10243;22;;;10237.5;0.0
4;18100;TRANSLATOR_VOID_BLUE;10773;8;10772;22;;;10783;8;10784;22;;;10778.0;0.0
4;18100;TRANSLATOR_ASTRO_BLACK;9169;8;9168;22;;;9177;8;9178;22;;;9173.0;0.0
4;18100;TRANSLATOR_GRAPHITE_MIST;10988;8;10987;22;;;10998;8;10999;22;;;10993.0;0.0
4;18200;TRANSLATOR_SPACE_GRAY;10238;13;10237;17;;;10247;13;10248;17;;;10242.5;0.0
4;18200;TRANSLATOR_ECLIPSE_CHARCOAL;9705;13;9704;17;;;9714;13;9715;17;;;9709.5;0.0
4;18200;TRANSLATOR_ASTRO_BLACK;9168;13;9167;17;;;9176;13;9177;17;;;9172.0;0.0
4;18200;TRANSLATOR_GRAPHITE_MIST;10987;13;10986;17;;;10997;13;10998;17;;;10992.0;0.0
4;18200;TRANSLATOR_VOID_BLUE;10763;13;10762;17;;;10772;13;10773;17;;;10767.5;0.0
4;18300;TRANSLATOR_SPACE_GRAY;10235;12;10234;20;;;10245;12;10246;20;;;10240.0;0.0
4;18300;TRANSLATOR_ASTRO_BLACK;9157;12;9156;20;;;9165;12;9166;20;;;9161.0;0.0
4;18300;TRANSLATOR_VOID_BLUE;10754;12;10753;20;;;10763;12;10764;20;;;10758.5;0.0
4;18300;TRANSLATOR_ECLIPSE_CHARCOAL;9693;12;9692;20;;;9702;12;9703;20;;;9697.5;0.0
4;18300;TRANSLATOR_GRAPHITE_MIST;10968;12;10967;20;;;10978;12;10979;20;;;10973.0;0.0
4;18400;TRANSLATOR_ASTRO_BLACK;9162;14;9161;15;;;9170;14;9171;15;;;9166.0;0.0
4;18400;TRANSLATOR_VOID_BLUE;10749;14;10748;15;;;10758;14;10759;15;;;10753.5;0.0
4;18400;TRANSLATOR_SPACE_GRAY;10240;14;10239;15;;;10250;14;10251;15;;;10245.0;0.0
4;18400;TRANSLATOR_GRAPHITE_MIST;10969;14;10968;15;;;10979;14;10980;15;;;10974.0;0.0
4;18400;TRANSLATOR_ECLIPSE_CHARCOAL;9696;14;9695;15;;;9705;14;9706;15;;;9700.5;0.0
4;18500;TRANSLATOR_ASTRO_BLACK;9161;10;9160;18;;;9169;10;9170;18;;;9165.0;0.0
4;18500;TRANSLATOR_SPACE_GRAY;10253;10;10252;18;;;10263;10;10264;18;;;10258.0;0.0
4;18500;TRANSLATOR_VOID_BLUE;10753;10;10752;18;;;10763;10;10764;18;;;10758.0;0.0
4;18500;TRANSLATOR_GRAPHITE_MIST;10993;10;10992;18;;;11003;10;11004;18;;;10998.0;0.0
4;18500;TRANSLATOR_ECLIPSE_CHARCOAL;9692;10;9691;18;;;9701;10;9702;18;;;9696.5;0.0
4;18600;TRANSLATOR_ASTRO_BLACK;9161;12;9160;20;;;9169;12;9170;20;;;9165.0;0.0
4;18600;TRANSLATOR_GRAPHITE_MIST;10998;12;10997;20;;;11008;12;11009;20;;;11003.0;0.0
4;18600;TRANSLATOR_VOID_BLUE;10755;12;10754;20;;;10765;12;10766;20;;;10760.0;0.0
4;18600;TRANSLATOR_ECLIPSE_CHARCOAL;9702;12;9701;20;;;9710;12;9711;20;;;9706.0;0.0
4;18600;TRANSLATOR_SPACE_GRAY;10233;12;10232;20;;;10242;12;10243;20;;;10237.5;0.0
4;18700;TRANSLATOR_GRAPHITE_MIST;10988;13;10987;19;;;10998;13;10999;19;;;10993.0;0.0
4;18700;TRANSLATOR_VOID_BLUE;10751;13;10750;19;;;10761;13;10762;19;;;10756.0;0.0
4;18700;TRANSLATOR_SPACE_GRAY;10233;13;10232;19;;;10243;13;10244;19;;;10238.0;0.0
4;18700;TRANSLATOR_ECLIPSE_CHARCOAL;9680;13;9679;19;;;9689;13;9690;19;;;9684.5;0.0
4;18700;TRANSLATOR_ASTRO_BLACK;9164;13;9163;19;;;9173;32;;;;;9168.5;0.0
4;18800;TRANSLATOR_VOID_BLUE;10748;15;10747;16;;;10757;15;10759;16;;;10752.5;0.0
4;18800;TRANSLATOR_ECLIPSE_CHARCOAL;9682;15;9681;16;;;9691;31;;;;;9686.5;0.0
4;18800;TRANSLATOR_GRAPHITE_MIST;10987;15;10986;16;;;10997;15;10998;16;;;10992.0;0.0
4;18800;TRANSLATOR_SPACE_GRAY;10244;15;10243;16;;;10253;15;10254;16;;;10248.5;0.0
4;18800;TRANSLATOR_ASTRO_BLACK;9154;15;9153;16;;;9162;15;9163;16;;;9158.0;0.0
4;18900;TRANSLATOR_ECLIPSE_CHARCOAL;9687;15;9686;21;;;9696;15;9697;21;;;9691.5;0.0
4;18900;TRANSLATOR_GRAPHITE_MIST;10985;15;10984;21;;;10995;15;10996;21;;;10990.0;0.0
4;18900;TRANSLATOR_VOID_BLUE;10730;15;10729;21;;;10739;15;10740;21;;;10734.5;0.0
4;18900;TRANSLATOR_ASTRO_BLACK;9144;36;;;;;9153;15;9154;21;;;9148.5;0.0
4;18900;TRANSLATOR_SPACE_GRAY;10243;15;10242;21;;;10252;15;10253;21;;;10247.5;0.0
4;19000;TRANSLATOR_GRAPHITE_MIST;10980;12;10979;22;;;10990;12;10991;22;;;10985.0;0.0
4;19000;TRANSLATOR_ECLIPSE_CHARCOAL;9689;12;9688;22;;;9697;12;9698;22;;;9693.0;0.0
4;19000;TRANSLATOR_ASTRO_BLACK;9131;12;9130;22;;;9139;12;9140;22;;;9135.0;0.0
4;19000;TRANSLATOR_VOID_BLUE;10712;12;10711;22;;;10722;12;10723;22;;;10717.0;0.0
4;19000;TRANSLATOR_SPACE_GRAY;10247;12;10246;22;;;10256;12;10257;22;;;10251.5;0.0
4;19100;TRANSLATOR_ECLIPSE_CHARCOAL;9702;15;9701;20;;;9710;15;9711;20;;;9706.0;0.0
4;19100;TRANSLATOR_ASTRO_BLACK;9127;15;9126;20;;;9136;15;9137;20;;;9131.5;0.0
4;19100;TRANSLATOR_GRAPHITE_MIST;10985;15;10984;20;;;10994;15;10996;20;;;10989.5;0.0
4;19100;TRANSLATOR_SPACE_GRAY;10236;15;10235;20;;;10245;15;10246;20;;;10240.5;0.0
4;19100;TRANSLATOR_VOID_BLUE;10716;15;10715;20;;;10725;15;10727;20;;;10720.5;0.0
4;19200;TRANSLATOR_ECLIPSE_CHARCOAL;9715;14;9714;17;;;9724;14;9725;17;;;9719.5;0.0
4;19200;TRANSLATOR_SPACE_GRAY;10225;14;10224;17;;;10234;14;10235;17;;;10229.5;0.0
4;19200;TRANSLATOR_ASTRO_BLACK;9111;14;9110;17;;;9119;14;9120;17;;;9115.0;0.0
4;19200;TRANSLATOR_VOID_BLUE;10709;14;10708;17;;;10719;14;10720;17;;;10714.0;0.0
4;19200;TRANSLATOR_GRAPHITE_MIST;10984;14;10983;17;;;10994;14;10995;17;;;10989.0;0.0
4;19300;TRANSLATOR_SPACE_GRAY;10225;10;10224;17;;;10234;10;10235;17;;;10229.5;0.0
4;19300;TRANSLATOR_ECLIPSE_CHARCOAL;9699;10;9698;17;;;9708;10;9709;17;;;9703.5;0.0
4;19300;TRANSLATOR_ASTRO_BLACK;9120;27;;;;;9129;10;9130;17;;;9124.5;0.0
4;19300;TRANSLATOR_GRAPHITE_MIST;10983;10;10982;17;;;10993;10;10994;17;;;10988.0;0.0
4;19300;TRANSLATOR_VOID_BLUE;10714;10;10712;17;;;10723;10;10724;17;;;10718.5;0.0
4;19400;TRANSLATOR_ASTRO_BLACK;9122;8;9121;21;;;9131;29;;;;;9126.5;0.0
4;19400;TRANSLATOR_SPACE_GRAY;10226;8;10225;21;;;10236;8;10237;21;;;10231.0;0.0
4;19400;TRANSLATOR_VOID_BLUE;10708;8;10707;21;;;10718;8;10719;21;;;10713.0;0.0
4;19400;TRANSLATOR_ECLIPSE_CHARCOAL;9697;8;9696;21;;;9705;8;9706;21;;;9701.0;0.0
4;19400;TRANSLATOR_GRAPHITE_MIST;11005;8;11004;21;;;11015;8;11016;21;;;11010.0;0.0
4;19500;TRANSLATOR_ASTRO_BLACK;9135;10;9134;17;;;9143;10;9144;17;;;9139.0;0.0
4;19500;TRANSLATOR_VOID_BLUE;10709;10;10708;17;;;10719;10;10720;17;;;10714.0;0.0
4;19500;TRANSLATOR_SPACE_GRAY;10211;10;10210;17;;;10220;10;10221;17;;;10215.5;0.0
4;19500;TRANSLATOR_GRAPHITE_MIST;11001;10;11000;17;;;11010;10;11012;17;;;11005.5;0.0
4;19500;TRANSLATOR_ECLIPSE_CHARCOAL;9690;10;9689;17;;;9699;10;9700;17;;;9694.5;0.0
4;19600;TRANSLATOR_ASTRO_BLACK;9136;10;9135;16;;;9144;10;9145;16;;;9140.0;0.0
4;19600;TRANSLATOR_GRAPHITE_MIST;10998;10;10997;16;;;11008;10;11009;16;;;11003.0;0.0
4;19600;TRANSLATOR_SPACE_GRAY;10211;10;10210;16;;;10221;10;10222;16;;;10216.0;0.0
4;19600;TRANSLATOR_VOID_BLUE;10696;10;10695;16;;;10705;10;10706;16;;;10700.5;0.0
4;19600;TRANSLATOR_ECLIPSE_CHARCOAL;9687;10;9686;16;;;9696;10;9697;16;;;9691.5;0.0
4;19700;TRANSLATOR_VOID_BLUE;10705;9;10704;15;;;10715;9;10716;15;;;10710.0;0.0
4;19700;TRANSLATOR_ASTRO_BLACK;9125;9;9124;15;;;9133;9;9134;15;;;9129.0;0.0
4;19700;TRANSLATOR_GRAPHITE_MIST;10985;9;10984;15;;;10995;9;10996;15;;;10990.0;0.0
4;19700;TRANSLATOR_ECLIPSE_CHARCOAL;9681;9;9680;15;;;9690;9;9691;15;;;9685.5;0.0
4;19700;TRANSLATOR_SPACE_GRAY;10193;9;10192;15;;;10202;9;10203;15;;;10197.5;0.0
4;19800;TRANSLATOR_GRAPHITE_MIST;10969;14;10968;21;;;10979;14;10980;21;;;10974.0;0.0
4;19800;TRANSLATOR_VOID_BLUE;10703;14;10702;21;;;10712;14;10713;21;;;10707.5;0.0
4;19800;TRANSLATOR_SPACE_GRAY;10200;14;10199;21;;;10209;14;10210;21;;;10204.5;0.0
4;19800;TRANSLATOR_ECLIPSE_CHARCOAL;9695;14;9694;21;;;9704;14;9705;21;;;9699.5;0.0
4;19800;TRANSLATOR_ASTRO_BLACK;9100;14;9099;21;;;9108;14;9109;21;;;9104.0;0.0
4;19900;TRANSLATOR_VOID_BLUE;10685;10;10684;21;;;10695;10;10696;21;;;10690.0;0.0
4;19900;TRANSLATOR_ECLIPSE_CHARCOAL;9700;10;9699;21;;;9709;10;9710;21;;;9704.5;0.0
4;19900;TRANSLATOR_GRAPHITE_MIST;10966;10;10965;21;;;10976;10;10977;21;;;10971.0;0.0
4;19900;TRANSLATOR_SPACE_GRAY;10196;10;10195;21;;;10205;10;10206;21;;;10200.5;0.0
4;19900;TRANSLATOR_ASTRO_BLACK;9096;10;9095;21;;;9104;10;9105;21;;;9100.0;0.0
4;20000;TRANSLATOR_GRAPHITE_MIST;10966;13;10965;18;;;10976;13;10977;18;;;10971.0;0.0
4;20000;TRANSLATOR_ECLIPSE_CHARCOAL;9711;13;9710;18;;;9720;13;9721;18;;;9715.5;0.0
4;20000;TRANSLATOR_ASTRO_BLACK;9083;13;9082;18;;;9091;13;9092;18;;;9087.0;0.0
4;20000;TRANSLATOR_VOID_BLUE;10683;13;10682;18;;;10692;13;10693;18;;;10687.5;0.0
4;20000;TRANSLATOR_SPACE_GRAY;10209;13;10208;18;;;10218;13;10219;18;;;10213.5;0.0
4;20100;TRANSLATOR_GRAPHITE_MIST;10977;12;10976;17;;;10987;12;10988;17;;;10982.0;0.0
4;20100;TRANSLATOR_ECLIPSE_CHARCOAL;9723;12;9722;17;;;9732;12;9733;17;;;9727.5;0.0
4;20100;TRANSLATOR_ASTRO_BLACK;9084;12;9083;17;;;9092;12;9093;17;;;9088.0;0.0
4;20100;TRANSLATOR_SPACE_GRAY;10221;12;10220;17;;;10230;12;10231;17;;;10225.5;0.0
4;20100;TRANSLATOR_VOID_BLUE;10694;12;10693;17;;;10704;12;10705;17;;;10699.0;0.0
4;20200;TRANSLATOR_ECLIPSE_CHARCOAL;9746;13;9745;19;;;9755;13;9756;19;;;9750.5;0.0
4;20200;TRANSLATOR_SPACE_GRAY;10232;13;10231;19;;;10241;13;10242;19;;;10236.5;0.0
4;20200;TRANSLATOR_ASTRO_BLACK;9087;13;9086;19;;;9095;13;9096;19;;;9091.0;0.0
4;20200;TRANSLATOR_GRAPHITE_MIST;10970;13;10969;19;;;10980;13;10981;19;;;10975.0;0.0
4;20200;TRANSLATOR_VOID_BLUE;10695;13;10694;19;;;10705;13;10706;19;;;10700.0;0.0
4;20300;TRANSLATOR_SPACE_GRAY;10242;13;10241;22;;;10251;13;10253;22;;;10246.5;0.0
4;20300;TRANSLATOR_ECLIPSE_CHARCOAL;9735;13;9734;22;;;9743;13;9744;22;;;9739.0;0.0
4;20300;TRANSLATOR_ASTRO_BLACK;9096;13;9095;22;;;9104;13;9105;22;;;9100.0;0.0
4;20300;TRANSLATOR_GRAPHITE_MIST;10977;13;10976;22;;;10986;13;10988;22;;;10981.5;0.0
4;20300;TRANSLATOR_VOID_BLUE;10690;13;10689;22;;;10699;13;10700;22;;;10694.5;0.0
4;20400;TRANSLATOR_SPACE_GRAY;10252;10;10251;19;;;10261;10;10262;19;;;10256.5;0.0
4;20400;TRANSLATOR_ASTRO_BLACK;9103;10;9102;19;;;9111;10;9112;19;;;9107.0;0.0
4;20400;TRANSLATOR_VOID_BLUE;10704;10;10703;19;;;10714;10;10715;19;;;10709.0;0.0
4;20400;TRANSLATOR_ECLIPSE_CHARCOAL;9720;10;9719;19;;;9728;10;9729;19;;;9724.0;0.0
4;20400;TRANSLATOR_GRAPHITE_MIST;10972;10;10971;19;;;10981;10;10982;19;;;10976.5;0.0
4;20500;TRANSLATOR_VOID_BLUE;10712;9;10711;21;;;10722;9;10723;21;;;10717.0;0.0
4;20500;TRANSLATOR_ASTRO_BLACK;9104;9;9103;21;;;9112;9;9113;21;;;9108.0;0.0
4;20500;TRANSLATOR_SPACE_GRAY;10262;9;10260;21;;;10271;9;10272;21;;;10266.5;0.0
4;20500;TRANSLATOR_ECLIPSE_CHARCOAL;9720;9;9719;21;;;9729;9;9730;21;;;9724.5;0.0
4;20500;TRANSLATOR_GRAPHITE_MIST;10969;9;10967;21;;;10978;9;10979;21;;;10973.5;0.0
4;20600;TRANSLATOR_ASTRO_BLACK;9095;10;9094;15;;;9104;25;;;;;9099.5;0.0
4;20600;TRANSLATOR_VOID_BLUE;10727;10;10726;15;;;10737;10;10738;15;;;10732.0;0.0
4;20600;TRANSLATOR_SPACE_GRAY;10239;10;10238;15;;;10248;10;10249;15;;;10243.5;0.0
4;20600;TRANSLATOR_GRAPHITE_MIST;10974;10;10973;15;;;10984;10;10985;15;;;10979.0;0.0
4;20600;TRANSLATOR_ECLIPSE_CHARCOAL;9722;25;;;;;9731;10;9732;15;;;9726.5;0.0
4;20700;TRANSLATOR_ASTRO_BLACK;9088;8;9087;16;;;9096;8;9097;16;;;9092.0;0.0
4;20700;TRANSLATOR_GRAPHITE_MIST;10972;8;10970;16;;;10981;8;10982;16;;;10976.5;0.0
4;20700;TRANSLATOR_SPACE_GRAY;10238;8;10237;16;;;10248;8;10249;16;;;10243.0;0.0
4;20700;TRANSLATOR_VOID_BLUE;10719;8;10718;16;;;10728;8;10729;16;;;10723.5;0.0
4;20700;TRANSLATOR_ECLIPSE_CHARCOAL;9722;8;9721;16;;;9731;8;9732;16;;;9726.5;0.0
4;20800;TRANSLATOR_VOID_BLUE;10712;12;10711;15;;;10722;12;10723;15;;;10717.0;0.0
4;20800;TRANSLATOR_GRAPHITE_MIST;10958;12;10957;15;;;10968;12;10969;15;;;10963.0;0.0
4;20800;TRANSLATOR_ECLIPSE_CHARCOAL;9738;12;9737;15;;;9747;27;;;;;9742.5;0.0
4;20800;TRANSLATOR_SPACE_GRAY;10228;12;10227;15;;;10237;12;10238;15;;;10232.5;0.0
4;20800;TRANSLATOR_ASTRO_BLACK;9117;12;9116;15;;;9125;12;9126;15;;;9121.0;0.0
4;20900;TRANSLATOR_GRAPHITE_MIST;10985;8;10984;19;;;10995;8;10996;19;;;10990.0;0.0
4;20900;TRANSLATOR_VOID_BLUE;10732;8;10731;19;;;10741;8;10742;19;;;10736.5;0.0
4;20900;TRANSLATOR_SPACE_GRAY;10219;8;10218;19;;;10228;8;10229;19;;;10223.5;0.0
4;20900;TRANSLATOR_ECLIPSE_CHARCOAL;9728;8;9727;19;;;9737;8;9738;19;;;9732.5;0.0
4;20900;TRANSLATOR_ASTRO_BLACK;9119;8;9118;19;;;9127;8;9128;19;;;9123.0;0.0
4;21000;TRANSLATOR_VOID_BLUE;10721;12;10720;18;;;10731;12;10732;18;;;10726.0;0.0
4;21000;TRANSLATOR_ECLIPSE_CHARCOAL;9729;30;;;;;9738;12;9739;18;;;9733.5;0.0
4;21000;TRANSLATOR_GRAPHITE_MIST;10990;12;10989;18;;;11000;12;11001;18;;;10995.0;0.0
4;21000;TRANSLATOR_ASTRO_BLACK;9103;12;9102;18;;;9111;12;9112;18;;;9107.0;0.0
4;21000;TRANSLATOR_SPACE_GRAY;10221;12;10220;18;;;10231;12;10232;18;;;10226.0;0.0
4;21100;TRANSLATOR_GRAPHITE_MIST;10990;8;10989;20;;;11000;8;11001;20;;;10995.0;0.0
4;21100;TRANSLATOR_ECLIPSE_CHARCOAL;9744;8;9743;20;;;9753;8;9754;20;;;9748.5;0.0
4;21100;TRANSLATOR_ASTRO_BLACK;9113;8;9112;20;;;9122;28;;;;;9117.5;0.0
4;21100;TRANSLATOR_VOID_BLUE;10730;8;10729;20;;;10740;8;10741;20;;;10735.0;0.0
4;21100;TRANSLATOR_SPACE_GRAY;10230;8;10229;20;;;10239;8;10240;20;;;10234.5;0.0
4;21200;TRANSLATOR_ECLIPSE_CHARCOAL;9743;9;9742;20;;;9752;9;9753;20;;;9747.5;0.0
4;21200;TRANSLATOR_ASTRO_BLACK;9111;9;9110;20;;;9119;9;9120;20;;;9115.0;0.0
4;21200;TRANSLATOR_GRAPHITE_MIST;10998;9;10997;20;;;11008;9;11009;20;;;11003.0;0.0
4;21200;TRANSLATOR_SPACE_GRAY;10239;9;10238;20;;;10248;9;10249;20;;;10243.5;0.0
4;21200;TRANSLATOR_VOID_BLUE;10711;9;10710;20;;;10721;9;10722;20;;;10716.0;0.0
4;21300;TRANSLATOR_ECLIPSE_CHARCOAL;9742;9;9741;17;;;9751;9;9752;17;;;9746.5;0.0
4;21300;TRANSLATOR_SPACE_GRAY;10237;9;10236;17;;;10246;9;10247;17;;;10241.5;0.0
4;21300;TRANSLATOR_VOID_BLUE;10724;9;10722;17;;;10733;9;10734;17;;;10728.5;0.0
4;21300;TRANSLATOR_ASTRO_BLACK;9108;9;9107;17;;;9116;9;9117;17;;;9112.0;0.0
4;21300;TRANSLATOR_GRAPHITE_MIST;11000;9;10999;17;;;11010;9;11011;17;;;11005.0;0.0
4;21400;TRANSLATOR_SPACE_GRAY;10230;8;10229;15;;;10240;8;10241;15;;;10235.0;0.0
4;21400;TRANSLATOR_ECLIPSE_CHARCOAL;9730;8;9729;15;;;9738;8;9739;15;;;9734.0;0.0
4;21400;TRANSLATOR_ASTRO_BLACK;9119;8;9118;15;;;9128;23;;;;;9123.5;0.0
4;21400;TRANSLATOR_GRAPHITE_MIST;10997;8;10996;15;;;11007;8;11008;15;;;11002.0;0.0
4;21400;TRANSLATOR_VOID_BLUE;10711;8;10710;15;;;10721;8;10722;15;;;10716.0;0.0
4;21500;TRANSLATOR_SPACE_GRAY;10239;9;10238;16;;;10248;9;10249;16;;;10243.5;0.0
4;21500;TRANSLATOR_ASTRO_BLACK;9116;9;9115;16;;;9125;9;9126;16;;;9120.5;0.0
4;21500;TRANSLATOR_VOID_BLUE;10694;9;10693;16;;;10704;9;10705;16;;;10699.0;0.0
4;21500;TRANSLATOR_ECLIPSE_CHARCOAL;9744;9;9743;16;;;9752;9;9753;16;;;9748.0;0.0
4;21500;TRANSLATOR_GRAPHITE_MIST;10990;9;10989;16;;;10999;9;11001;16;;;10994.5;0.0
4;21600;TRANSLATOR_ASTRO_BLACK;9123;12;9122;15;;;9131;12;9132;15;;;9127.0;0.0
4;21600;TRANSLATOR_VOID_BLUE;10705;12;10704;15;;;10715;12;10716;15;;;10710.0;0.0
4;21600;TRANSLATOR_SPACE_GRAY;10228;12;10227;15;;;10237;12;10238;15;;;10232.5;0.0
4;21600;TRANSLATOR_GRAPHITE_MIST;11009;12;11008;15;;;11019;12;11020;15;;;11014.0;0.0
4;21600;TRANSLATOR_ECLIPSE_CHARCOAL;9735;12;9734;15;;;9743;12;9744;15;;;9739.0;0.0
4;21700;TRANSLATOR_ASTRO_BLACK;9119;8;9118;21;;;9128;8;9129;21;;;9123.5;0.0
4;21700;TRANSLATOR_SPACE_GRAY;10228;8;10227;21;;;10237;8;10238;21;;;10232.5;0.0
4;21700;TRANSLATOR_VOID_BLUE;10714;8;10713;21;;;10724;8;10725;21;;;10719.0;0.0
4;21700;TRANSLATOR_GRAPHITE_MIST;11006;8;11004;21;;;11015;8;11016;21;;;11010.5;0.0
4;21700;TRANSLATOR_ECLIPSE_CHARCOAL;9727;8;9726;21;;;9736;8;9737;21;;;9731.5;0.0
4;21800;TRANSLATOR_ASTRO_BLACK;9104;34;;;;;9113;14;9114;20;;;9108.5;0.0
4;21800;TRANSLATOR_GRAPHITE_MIST;11010;14;11009;20;;;11020;14;11021;20;;;11015.0;0.0
4;21800;TRANSLATOR_VOID_BLUE;10711;14;10710;20;;;10720;14;10721;20;;;10715.5;0.0
4;21800;TRANSLATOR_ECLIPSE_CHARCOAL;9704;14;9703;20;;;9713;14;9714;20;;;9708.5;0.0
4;21800;TRANSLATOR_SPACE_GRAY;10236;14;10235;20;;;10245;14;10246;20;;;10240.5;0.0
4;21900;TRANSLATOR_GRAPHITE_MIST;11011;9;11010;17;;;11021;9;11022;17;;;11016.0;0.0
4;21900;TRANSLATOR_VOID_BLUE;10714;9;10713;17;;;10724;9;10725;17;;;10719.0;0.0
4;21900;TRANSLATOR_ECLIPSE_CHARCOAL;9700;9;9699;17;;;9709;9;9710;17;;;9704.5;0.0
4;21900;TRANSLATOR_SPACE_GRAY;10221;9;10220;17;;;10231;9;10232;17;;;10226.0;0.0
4;21900;TRANSLATOR_ASTRO_BLACK;9104;9;9103;17;;;9112;9;9113;17;;;9108.0;0.0
4;22000;TRANSLATOR_VOID_BLUE;10711;10;10710;15;;;10721;10;10722;15;;;10716.0;0.0
4;22000;TRANSLATOR_ECLIPSE_CHARCOAL;9710;10;9709;15;;;9719;10;9720;15;;;9714.5;0.0
4;22000;TRANSLATOR_GRAPHITE_MIST;11007;10;11006;15;;;11017;10;11018;15;;;11012.0;0.0
4;22000;TRANSLATOR_ASTRO_BLACK;9110;10;9109;15;;;9118;10;9119;15;;;9114.0;0.0
4;22000;TRANSLATOR_SPACE_GRAY;10210;10;10209;15;;;10219;10;10220;15;;;10214.5;0.0
4;22100;TRANSLATOR_ECLIPSE_CHARCOAL;9714;11;9713;20;;;9723;11;9724;20;;;9718.5;0.0
4;22100;TRANSLATOR_GRAPHITE_MIST;11016;11;11015;20;;;11026;11;11027;20;;;11021.0;0.0
4;22100;TRANSLATOR_SPACE_GRAY;10228;11;10227;20;;;10237;11;10238;20;;;10232.5;0.0
4;22100;TRANSLATOR_VOID_BLUE;10715;11;10714;20;;;10725;11;10726;20;;;10720.0;0.0
4;22100;TRANSLATOR_ASTRO_BLACK;9112;11;9111;20;;;9120;11;9121;20;;;9116.0;0.0
4;22200;TRANSLATOR_GRAPHITE_MIST;11016;12;11015;19;;;11026;12;11027;19;;;11021.0;0.0
4;22200;TRANSLATOR_ECLIPSE_CHARCOAL;9702;12;9701;19;;;9711;31;;;;;9706.5;0.0
4;22200;TRANSLATOR_SPACE_GRAY;10221;12;10220;19;;;10230;12;10231;19;;;10225.5;0.0
4;22200;TRANSLATOR_ASTRO_BLACK;9119;12;9118;19;;;9127;12;9128;19;;;9123.0;0.0
4;22200;TRANSLATOR_VOID_BLUE;10738;12;10737;19;;;10748;12;10749;19;;;10743.0;0.0
4;22300;TRANSLATOR_ECLIPSE_CHARCOAL;9703;11;9702;15;;;9712;11;9713;15;;;9707.5;0.0
4;22300;TRANSLATOR_ASTRO_BLACK;9104;11;9103;15;;;9112;11;9113;15;;;9108.0;0.0
4;22300;TRANSLATOR_GRAPHITE_MIST;11038;11;11037;15;;;11048;11;11049;15;;;11043.0;0.0
4;22300;TRANSLATOR_SPACE_GRAY;10214;11;10213;15;;;10223;11;10224;15;;;10218.5;0.0
4;22300;TRANSLATOR_VOID_BLUE;10738;11;10737;15;;;10748;11;10749;15;;;10743.0;0.0
4;22400;TRANSLATOR_ECLIPSE_CHARCOAL;9691;8;9690;16;;;9700;8;9701;16;;;9695.5;0.0
4;22400;TRANSLATOR_SPACE_GRAY;10203;8;10202;16;;;10212;8;10213;16;;;10207.5;0.0
4;22400;TRANSLATOR_ASTRO_BLACK;9102;8;9101;16;;;9111;24;;;;;9106.5;0.0
4;22400;TRANSLATOR_VOID_BLUE;10750;8;10749;16;;;10760;8;10761;16;;;10755.0;0.0
4;22400;TRANSLATOR_GRAPHITE_MIST;11040;8;11039;16;;;11050;8;11051;16;;;11045.0;0.0
4;22500;TRANSLATOR_ECLIPSE_CHARCOAL;9684;9;9683;18;;;9692;9;9693;18;;;9688.0;0.0
4;22500;TRANSLATOR_SPACE_GRAY;10200;9;10199;18;;;10209;9;10210;18;;;10204.5;0.0
4;22500;TRANSLATOR_ASTRO_BLACK;9108;9;9107;18;;;9117;9;9118;18;;;9112.5;0.0
4;22500;TRANSLATOR_GRAPHITE_MIST;11045;9;11043;18;;;11054;9;11055;18;;;11049.5;0.0
4;22500;TRANSLATOR_VOID_BLUE;10749;9;10747;18;;;10758;9;10759;18;;;10753.5;0.0
4;22600;TRANSLATOR_SPACE_GRAY;10195;9;10194;20;;;10205;9;10206;20;;;10200.0;0.0
4;22600;TRANSLATOR_ASTRO_BLACK;9122;9;9121;20;;;9131;29;;;;;9126.5;0.0
4;22600;TRANSLATOR_VOID_BLUE;10766;9;10765;20;;;10775;9;10776;20;;;10770.5;0.0
4;22600;TRANSLATOR_ECLIPSE_CHARCOAL;9694;9;9693;20;;;9703;9;9704;20;;;9698.5;0.0
4;22600;TRANSLATOR_GRAPHITE_MIST;11056;9;11055;20;;;11066;9;11067;20;;;11061.0;0.0
4;22700;TRANSLATOR_SPACE_GRAY;10194;7;10193;17;;;10203;7;10204;17;;;10198.5;0.0
4;22700;TRANSLATOR_ASTRO_BLACK;9112;7;9111;17;;;9120;7;9121;17;;;9116.0;0.0
4;22700;TRANSLATOR_VOID_BLUE;10779;7;10778;17;;;10789;7;10790;17;;;10784.0;0.0
4;22700;TRANSLATOR_GRAPHITE_MIST;11072;7;11071;17;;;11082;7;11083;17;;;11077.0;0.0
4;22700;TRANSLATOR_ECLIPSE_CHARCOAL;9682;7;9681;17;;;9690;7;9691;17;;;9686.0;0.0
4;22800;TRANSLATOR_ASTRO_BLACK;9122;10;9121;18;;;9131;10;9132;18;;;9126.5;0.0
4;22800;TRANSLATOR_SPACE_GRAY;10172;10;10171;18;;;10181;10;10182;18;;;10176.5;0.0
4;22800;TRANSLATOR_GRAPHITE_MIST;11096;10;11095;18;;;11106;10;11107;18;;;11101.0;0.0
4;22800;TRANSLATOR_VOID_BLUE;10768;10;10767;18;;;10778;10;10779;18;;;10773.0;0.0
4;22800;TRANSLATOR_ECLIPSE_CHARCOAL;9701;10;9700;18;;;9710;10;9711;18;;;9705.5;0.0
4;22900;TRANSLATOR_VOID_BLUE;10772;14;10771;17;;;10782;14;10783;17;;;10777.0;0.0
4;22900;TRANSLATOR_ASTRO_BLACK;9116;14;9115;17;;;9125;14;9126;17;;;9120.5;0.0
4;22900;TRANSLATOR_GRAPHITE_MIST;11093;14;11092;17;;;11102;14;11104;17;;;11097.5;0.0
4;22900;TRANSLATOR_ECLIPSE_CHARCOAL;9692;14;9691;17;;;9701;14;9702;17;;;9696.5;0.0
4;22900;TRANSLATOR_SPACE_GRAY;10165;14;10164;17;;;10174;14;10175;17;;;10169.5;0.0
4;23000;TRANSLATOR_GRAPHITE_MIST;11086;7;11085;15;;;11096;7;11097;15;;;11091.0;0.0
4;23000;TRANSLATOR_VOID_BLUE;10791;7;10790;15;;;10801;7;10802;15;;;10796.0;0.0
4;23000;TRANSLATOR_ECLIPSE_CHARCOAL;9693;7;9692;15;;;9702;7;9703;15;;;9697.5;0.0
4;23000;TRANSLATOR_SPACE_GRAY;10174;7;10173;15;;;10183;7;10184;15;;;10178.5;0.0
4;23000;TRANSLATOR_ASTRO_BLACK;9119;7;9118;15;;;9127;7;9128;15;;;9123.0;0.0
4;23100;TRANSLATOR_VOID_BLUE;10793;9;10792;18;;;10802;9;10803;18;;;10797.5;0.0
4;23100;TRANSLATOR_ECLIPSE_CHARCOAL;9698;9;9697;18;;;9707;9;9708;18;;;9702.5;0.0
4;23100;TRANSLATOR_GRAPHITE_MIST;11106;9;11105;18;;;11116;9;11117;18;;;11111.0;0.0
4;23100;TRANSLATOR_ASTRO_BLACK;9117;9;9116;18;;;9125;9;9126;18;;;9121.0;0.0
4;23100;TRANSLATOR_SPACE_GRAY;10181;9;10180;18;;;10190;9;10191;18;;;10185.5;0.0
4;23200;TRANSLATOR_GRAPHITE_MIST;11125;13;11124;17;;;11135;13;11136;17;;;11130.0;0.0
4;23200;TRANSLATOR_ECLIPSE_CHARCOAL;9700;13;9699;17;;;9709;13;9710;17;;;9704.5;0.0
4;23200;TRANSLATOR_SPACE_GRAY;10169;13;10168;17;;;10179;13;10180;17;;;10174.0;0.0
4;23200;TRANSLATOR_ASTRO_BLACK;9117;13;9116;17;;;9125;13;9126;17;;;9121.0;0.0
4;23200;TRANSLATOR_VOID_BLUE;10792;13;10791;17;;;10801;13;10803;17;;;10796.5;0.0
4;23300;TRANSLATOR_GRAPHITE_MIST;11125;11;11124;22;;;11135;11;11136;22;;;11130.0;0.0
4;23300;TRANSLATOR_ECLIPSE_CHARCOAL;9709;11;9708;22;;;9717;11;9718;22;;;9713.0;0.0
4;23300;TRANSLATOR_SPACE_GRAY;10185;11;10184;22;;;10194;11;10195;22;;;10189.5;0.0
4;23300;TRANSLATOR_ASTRO_BLACK;9107;11;9106;22;;;9116;33;;;;;9111.5;0.0
4;23300;TRANSLATOR_VOID_BLUE;10797;11;10796;22;;;10806;11;10808;22;;;10801.5;0.0
4;23400;TRANSLATOR_ECLIPSE_CHARCOAL;9712;7;9711;16;;;9721;7;9722;16;;;9716.5;0.0
4;23400;TRANSLATOR_SPACE_GRAY;10195;7;10194;16;;;10204;7;10205;16;;;10199.5;0.0
4;23400;TRANSLATOR_ASTRO_BLACK;9115;7;9114;16;;;9123;7;9124;16;;;9119.0;0.0
4;23400;TRANSLATOR_GRAPHITE_MIST;11127;7;11126;16;;;11137;7;11138;16;;;11132.0;0.0
4;23400;TRANSLATOR_VOID_BLUE;10796;7;10795;16;;;10805;7;10806;16;;;10800.5;0.0
4;23500;TRANSLATOR_ECLIPSE_CHARCOAL;9717;10;9716;18;;;9726;10;9727;18;;;9721.5;0.0
4;23500;TRANSLATOR_SPACE_GRAY;10191;10;10190;18;;;10200;10;10201;18;;;10195.5;0.0
4;23500;TRANSLATOR_ASTRO_BLACK;9103;10;9102;18;;;9111;10;9112;18;;;9107.0;0.0
4;23500;TRANSLATOR_VOID_BLUE;10786;10;10785;18;;;10796;10;10797;18;;;10791.0;0.0
4;23500;TRANSLATOR_GRAPHITE_MIST;11122;10;11121;18;;;11132;10;11133;18;;;11127.0;0.0
4;23600;TRANSLATOR_ASTRO_BLACK;9099;9;9098;22;;;9107;9;9108;22;;;9103.0;0.0
4;23600;TRANSLATOR_SPACE_GRAY;10192;9;10191;22;;;10201;9;10202;22;;;10196.5;0.0
4;23600;TRANSLATOR_VOID_BLUE;10778;9;10777;22;;;10788;9;10789;22;;;10783.0;0.0
4;23600;TRANSLATOR_ECLIPSE_CHARCOAL;9712;9;9711;22;;;9720;9;9721;22;;;9716.0;0.0
4;23600;TRANSLATOR_GRAPHITE_MIST;11137;9;11136;22;;;11147;9;11148;22;;;11142.0;0.0
4;23700;TRANSLATOR_SPACE_GRAY;10196;12;10195;16;;;10205;12;10206;16;;;10200.5;0.0
4;23700;TRANSLATOR_VOID_BLUE;10787;12;10786;16;;;10796;12;10797;16;;;10791.5;0.0
4;23700;TRANSLATOR_ASTRO_BLACK;9110;12;9109;16;;;9118;12;9119;16;;;9114.0;0.0
4;23700;TRANSLATOR_ECLIPSE_CHARCOAL;9696;12;9695;16;;;9705;12;9706;16;;;9700.5;0.0
4;23700;TRANSLATOR_GRAPHITE_MIST;11145;12;11144;16;;;11155;12;11156;16;;;11150.0;0.0
4;23800;TRANSLATOR_SPACE_GRAY;10178;12;10177;17;;;10187;12;10188;17;;;10182.5;0.0
4;23800;TRANSLATOR_ASTRO_BLACK;9111;12;9110;17;;;9119;12;9120;17;;;9115.0;0.0
4;23800;TRANSLATOR_VOID_BLUE;10758;12;10757;17;;;10767;12;10768;17;;;10762.5;0.0
4;23800;TRANSLATOR_GRAPHITE_MIST;11143;12;11142;17;;;11153;12;11154;17;;;11148.0;0.0
4;23800;TRANSLATOR_ECLIPSE_CHARCOAL;9691;12;9690;17;;;9700;12;9701;17;;;9695.5;0.0
4;23900;TRANSLATOR_ASTRO_BLACK;9116;7;9115;16;;;9124;7;9125;16;;;9120.0;0.0
4;23900;TRANSLATOR_GRAPHITE_MIST;11145;7;11144;16;;;11155;7;11156;16;;;11150.0;0.0
4;23900;TRANSLATOR_SPACE_GRAY;10168;7;10166;16;;;10177;7;10178;16;;;10172.5;0.0
4;23900;TRANSLATOR_VOID_BLUE;10756;7;10755;16;;;10765;7;10766;16;;;10760.5;0.0
4;23900;TRANSLATOR_ECLIPSE_CHARCOAL;9682;7;9681;16;;;9691;7;9692;16;;;9686.5;0.0
4;24000;TRANSLATOR_GRAPHITE_MIST;11153;15;11151;22;;;11163;15;11164;22;;;11158.0;0.0
4;24000;TRANSLATOR_VOID_BLUE;10760;15;10758;22;;;10769;15;10770;22;;;10764.5;0.0
4;24000;TRANSLATOR_ECLIPSE_CHARCOAL;9683;15;9682;22;;;9692;15;9693;22;;;9687.5;0.0
4;24000;TRANSLATOR_SPACE_GRAY;10157;15;10156;22;;;10166;15;10167;22;;;10161.5;0.0
4;24000;TRANSLATOR_ASTRO_BLACK;9113;15;9112;22;;;9122;37;;;;;9117.5;0.0
4;24100;TRANSLATOR_GRAPHITE_MIST;11175;15;11174;18;;;11185;15;11186;18;;;11180.0;0.0
4;24100;TRANSLATOR_VOID_BLUE;10778;15;10776;18;;;10787;15;10788;18;;;10782.5;0.0
4;24100;TRANSLATOR_ECLIPSE_CHARCOAL;9689;15;9688;18;;;9697;15;9698;18;;;9693.0;0.0
4;24100;TRANSLATOR_SPACE_GRAY;10144;15;10143;18;;;10153;15;10154;18;;;10148.5;0.0
4;24100;TRANSLATOR_ASTRO_BLACK;9121;15;9120;18;;;9129;15;9130;18;;;9125.0;0.0
4;24200;TRANSLATOR_VOID_BLUE;10777;9;10776;15;;;10787;9;10788;15;;;10782.0;0.0
4;24200;TRANSLATOR_ECLIPSE_CHARCOAL;9688;9;9687;15;;;9697;9;9698;15;;;9692.5;0.0
4;24200;TRANSLATOR_GRAPHITE_MIST;11168;9;11167;15;;;11178;9;11179;15;;;11173.0;0.0
4;24200;TRANSLATOR_SPACE_GRAY;10138;9;10137;15;;;10147;9;10148;15;;;10142.5;0.0
4;24200;TRANSLATOR_ASTRO_BLACK;9145;9;9144;15;;;9153;9;9154;15;;;9149.0;0.0
4;24300;TRANSLATOR_GRAPHITE_MIST;11175;13;11173;22;;;11184;13;11186;22;;;11179.5;0.0
4;24300;TRANSLATOR_ECLIPSE_CHARCOAL;9696;35;;;;;9705;13;9706;22;;;9700.5;0.0
4;24300;TRANSLATOR_SPACE_GRAY;10129;13;10128;22;;;10138;13;10139;22;;;10133.5;0.0
4;24300;TRANSLATOR_ASTRO_BLACK;9148;13;9147;22;;;9156;13;9157;22;;;9152.0;0.0
4;24300;TRANSLATOR_VOID_BLUE;10781;13;10780;22;;;10791;13;10792;22;;;10786.0;0.0
4;24400;TRANSLATOR_ECLIPSE_CHARCOAL;9699;11;9698;18;;;9708;11;9709;18;;;9703.5;0.0
4;24400;TRANSLATOR_ASTRO_BLACK;9169;11;9168;18;;;9177;11;9178;18;;;9173.0;0.0
4;24400;TRANSLATOR_SPACE_GRAY;10138;11;10137;18;;;10147;11;10148;18;;;10142.5;0.0
4;24400;TRANSLATOR_GRAPHITE_MIST;11186;11;11185;18;;;11196;11;11197;18;;;11191.0;0.0
4;24400;TRANSLATOR_VOID_BLUE;10776;11;10775;18;;;10785;11;10786;18;;;10780.5;0.0
4;24500;TRANSLATOR_ECLIPSE_CHARCOAL;9687;10;9686;20;;;9696;10;9697;20;;;9691.5;0.0
4;24500;TRANSLATOR_SPACE_GRAY;10138;10;10137;20;;;10147;10;10148;20;;;10142.5;0.0
4;24500;TRANSLATOR_ASTRO_BLACK;9161;10;9160;20;;;9169;10;9170;20;;;9165.0;0.0
4;24500;TRANSLATOR_VOID_BLUE;10785;10;10784;20;;;10795;10;10796;20;;;10790.0;0.0
4;24500;TRANSLATOR_GRAPHITE_MIST;11187;10;11185;20;;;11197;10;11198;20;;;11192.0;0.0
4;24600;TRANSLATOR_ECLIPSE_CHARCOAL;9684;15;9683;22;;;9693;15;9694;22;;;9688.5;0.0
4;24600;TRANSLATOR_SPACE_GRAY;10135;15;10134;22;;;10144;15;10145;22;;;10139.5;0.0
4;24600;TRANSLATOR_ASTRO_BLACK;9152;15;9151;22;;;9161;15;9162;22;;;9156.5;0.0
4;24600;TRANSLATOR_GRAPHITE_MIST;11178;15;11176;22;;;11188;15;11189;22;;;11183.0;0.0
4;24600;TRANSLATOR_VOID_BLUE;10774;15;10773;22;;;10784;15;10785;22;;;10779.0;0.0
4;24700;TRANSLATOR_ASTRO_BLACK;9140;8;9139;22;;;9148;8;9149;22;;;9144.0;0.0
4;24700;TRANSLATOR_SPACE_GRAY;10159;8;10158;22;;;10168;8;10169;22;;;10163.5;0.0
4;24700;TRANSLATOR_VOID_BLUE;10770;8;10769;22;;;10780;8;10781;22;;;10775.0;0.0
4;24700;TRANSLATOR_ECLIPSE_CHARCOAL;9670;8;9669;22;;;9679;8;9680;22;;;9674.5;0.0
4;24700;TRANSLATOR_GRAPHITE_MIST;11174;8;11173;22;;;11184;8;11185;22;;;11179.0;0.0
