day;timestamp;product;bid_price_1;bid_volume_1;bid_price_2;bid_volume_2;bid_price_3;bid_volume_3;ask_price_1;ask_volume_1;ask_price_2;ask_volume_2;ask_price_3;ask_volume_3;mid_price;profit_and_loss
4;0;SNACKPACK_CHOCOLATE;9835;33;9833;42;;;9852;33;9854;42;;;9843.5;0.0
4;100;SNACKPACK_CHOCOLATE;9838;39;9836;59;;;9855;39;9857;59;;;9846.5;0.0
4;200;SNACKPACK_CHOCOLATE;9837;28;9835;41;;;9853;28;9855;41;;;9845.0;0.0
4;300;SNACKPACK_CHOCOLATE;9818;25;9816;56;;;9835;25;9837;56;;;9826.5;0.0
4;400;SNACKPACK_CHOCOLATE;9814;26;9812;54;;;9831;26;9833;54;;;9822.5;0.0
4;500;SNACKPACK_CHOCOLATE;9802;36;9800;47;;;9819;36;9821;47;;;9810.5;0.0
4;600;SNACKPACK_CHOCOLATE;9800;30;9798;42;;;9817;30;9819;42;;;9808.5;0.0
4;700;SNACKPACK_CHOCOLATE;9800;33;9798;40;;;9817;33;9819;40;;;9808.5;0.0
4;800;SNACKPACK_CHOCOLATE;9796;35;9795;47;;;9813;35;9815;47;;;9804.5;0.0
4;900;SNACKPACK_CHOCOLATE;9799;23;9797;50;;;9815;23;9817;50;;;9807.0;0.0
4;1000;SNACKPACK_CHOCOLATE;9799;22;9797;59;;;9816;22;9817;59;;;9807.5;0.0
4;1100;SNACKPACK_CHOCOLATE;9796;33;9794;53;;;9813;33;9815;53;;;9804.5;0.0
4;1200;SNACKPACK_CHOCOLATE;9793;30;9791;48;;;9809;30;9811;48;;;9801.0;0.0
4;1300;SNACKPACK_CHOCOLATE;9797;34;9795;58;;;9814;34;9816;58;;;9805.5;0.0
4;1400;SNACKPACK_CHOCOLATE;9794;20;9792;47;;;9811;20;9813;47;;;9802.5;0.0
4;1500;SNACKPACK_CHOCOLATE;9784;27;9782;45;;;9800;27;9802;45;;;9792.0;0.0
4;1600;SNACKPACK_CHOCOLATE;9794;34;9792;46;;;9811;34;9813;46;;;9802.5;0.0
4;1700;SNACKPACK_CHOCOLATE;9794;24;9793;44;;;9811;24;9813;44;;;9802.5;0.0
4;1800;SNACKPACK_CHOCOLATE;9799;28;9797;49;;;9815;28;9817;49;;;9807.0;0.0
4;1900;SNACKPACK_CHOCOLATE;9793;20;9791;57;;;9810;20;9812;57;;;9801.5;0.0
4;2000;SNACKPACK_CHOCOLATE;9801;34;9799;59;;;9818;34;9820;59;;;9809.5;0.0
4;2100;SNACKPACK_CHOCOLATE;9798;34;9796;58;;;9815;34;9817;58;;;9806.5;0.0
4;2200;SNACKPACK_CHOCOLATE;9805;37;9803;59;;;9822;37;9824;59;;;9813.5;0.0
4;2300;SNACKPACK_CHOCOLATE;9800;22;9798;45;;;9817;22;9819;45;;;9808.5;0.0
4;2400;SNACKPACK_CHOCOLATE;9799;26;9797;50;;;9816;26;9818;50;;;9807.5;0.0
4;2500;SNACKPACK_CHOCOLATE;9804;33;9802;44;;;9821;33;9823;44;;;9812.5;0.0
4;2600;SNACKPACK_CHOCOLATE;9795;22;9793;56;;;9812;22;9814;56;;;9803.5;0.0
4;2700;SNACKPACK_CHOCOLATE;9798;33;9796;45;;;9815;33;9817;45;;;9806.5;0.0
4;2800;SNACKPACK_CHOCOLATE;9797;27;9795;50;;;9814;27;9816;50;;;9805.5;0.0
4;2900;SNACKPACK_CHOCOLATE;9808;38;9806;44;;;9825;38;9827;44;;;9816.5;0.0
4;3000;SNACKPACK_CHOCOLATE;9806;20;9804;50;;;9823;20;9825;50;;;9814.5;0.0
4;3100;SNACKPACK_CHOCOLATE;9807;20;9805;53;;;9824;20;9826;53;;;9815.5;0.0
4;3200;SNACKPACK_CHOCOLATE;9810;32;9808;53;;;9826;32;9828;53;;;9818.0;0.0
4;3300;SNACKPACK_CHOCOLATE;9810;38;9808;58;;;9827;38;9829;58;;;9818.5;0.0
4;3400;SNACKPACK_CHOCOLATE;9811;33;9809;41;;;9827;33;9829;41;;;9819.0;0.0
4;3500;SNACKPACK_CHOCOLATE;9821;26;9819;45;;;9838;26;9840;45;;;9829.5;0.0
4;3600;SNACKPACK_CHOCOLATE;9819;33;9817;44;;;9835;33;9837;44;;;9827.0;0.0
4;3700;SNACKPACK_CHOCOLATE;9819;39;9817;44;;;9836;39;9837;44;;;9827.5;0.0
4;3800;SNACKPACK_CHOCOLATE;9814;33;9812;41;;;9831;33;9833;41;;;9822.5;0.0
4;3900;SNACKPACK_CHOCOLATE;9810;21;9808;47;;;9827;21;9829;47;;;9818.5;0.0
4;4000;SNACKPACK_CHOCOLATE;9809;28;9807;52;;;9826;28;9828;52;;;9817.5;0.0
4;4100;SNACKPACK_CHOCOLATE;9812;33;9810;54;;;9829;33;9831;54;;;9820.5;0.0
4;4200;SNACKPACK_CHOCOLATE;9822;34;9820;54;;;9839;34;9841;54;;;9830.5;0.0
4;4300;SNACKPACK_CHOCOLATE;9818;34;9816;53;;;9835;34;9837;53;;;9826.5;0.0
4;4400;SNACKPACK_CHOCOLATE;9809;21;9807;48;;;9826;21;9828;48;;;9817.5;0.0
4;4500;SNACKPACK_CHOCOLATE;9799;24;9797;55;;;9816;24;9818;55;;;9807.5;0.0
4;4600;SNACKPACK_CHOCOLATE;9802;23;9800;50;;;9818;23;9820;50;;;9810.0;0.0
4;4700;SNACKPACK_CHOCOLATE;9797;31;9795;51;;;9813;31;9815;51;;;9805.0;0.0
4;4800;SNACKPACK_CHOCOLATE;9800;39;9798;59;;;9816;39;9818;59;;;9808.0;0.0
4;4900;SNACKPACK_CHOCOLATE;9791;25;9789;59;;;9808;25;9810;59;;;9799.5;0.0
4;5000;SNACKPACK_CHOCOLATE;9802;23;9800;57;;;9818;23;9820;57;;;9810.0;0.0
4;5100;SNACKPACK_CHOCOLATE;9804;39;9802;56;;;9820;39;9822;56;;;9812.0;0.0
4;5200;SNACKPACK_CHOCOLATE;9813;20;9811;55;;;9830;20;9832;55;;;9821.5;0.0
4;5300;SNACKPACK_CHOCOLATE;9818;25;9816;40;;;9835;25;9837;40;;;9826.5;0.0
4;5400;SNACKPACK_CHOCOLATE;9807;32;9805;58;;;9824;32;9826;58;;;9815.5;0.0
4;5500;SNACKPACK_CHOCOLATE;9816;32;9814;52;;;9833;32;9835;52;;;9824.5;0.0
4;5600;SNACKPACK_CHOCOLATE;9823;32;9821;41;;;9840;32;9842;41;;;9831.5;0.0
4;5700;SNACKPACK_CHOCOLATE;9813;31;9811;43;;;9830;31;9832;43;;;9821.5;0.0
4;5800;SNACKPACK_CHOCOLATE;9820;30;9818;42;;;9837;30;9839;42;;;9828.5;0.0
4;5900;SNACKPACK_CHOCOLATE;9825;37;9823;47;;;9842;37;9844;47;;;9833.5;0.0
4;6000;SNACKPACK_CHOCOLATE;9835;28;9833;57;;;9851;28;9853;57;;;9843.0;0.0
4;6100;SNACKPACK_CHOCOLATE;9820;22;9818;49;;;9837;22;9839;49;;;9828.5;0.0
4;6200;SNACKPACK_CHOCOLATE;9812;26;9810;49;;;9829;26;9831;49;;;9820.5;0.0
4;6300;SNACKPACK_CHOCOLATE;9813;36;9811;48;;;9829;36;9831;48;;;9821.0;0.0
4;6400;SNACKPACK_CHOCOLATE;9811;26;9809;48;;;9828;26;9830;48;;;9819.5;0.0
4;6500;SNACKPACK_CHOCOLATE;9813;30;9811;48;;;9829;30;9831;48;;;9821.0;0.0
4;6600;SNACKPACK_CHOCOLATE;9812;36;9810;49;;;9829;36;9831;49;;;9820.5;0.0
4;6700;SNACKPACK_CHOCOLATE;9813;35;9811;56;;;9829;35;9831;56;;;9821.0;0.0
4;6800;SNACKPACK_CHOCOLATE;9805;25;9803;50;;;9822;25;9824;50;;;9813.5;0.0
4;6900;SNACKPACK_CHOCOLATE;9805;36;9803;53;;;9822;36;9824;53;;;9813.5;0.0
4;7000;SNACKPACK_CHOCOLATE;9800;39;9798;44;;;9817;39;9819;44;;;9808.5;0.0
4;7100;SNACKPACK_CHOCOLATE;9796;29;9794;52;;;9813;29;9815;52;;;9804.5;0.0
4;7200;SNACKPACK_CHOCOLATE;9792;27;9790;53;;;9808;27;9810;53;;;9800.0;0.0
4;7300;SNACKPACK_CHOCOLATE;9794;35;9792;57;;;9811;35;9813;57;;;9802.5;0.0
4;7400;SNACKPACK_CHOCOLATE;9808;22;9806;54;;;9825;22;9827;54;;;9816.5;0.0
4;7500;SNACKPACK_CHOCOLATE;9805;24;9803;60;;;9822;24;9823;60;;;9813.5;0.0
4;7600;SNACKPACK_CHOCOLATE;9799;40;9797;52;;;9816;40;9818;52;;;9807.5;0.0
4;7700;SNACKPACK_CHOCOLATE;9805;38;9803;51;;;9822;38;9824;51;;;9813.5;0.0
4;7800;SNACKPACK_CHOCOLATE;9806;35;9804;57;;;9823;35;9825;57;;;9814.5;0.0
4;7900;SNACKPACK_CHOCOLATE;9810;20;9808;48;;;9827;20;9829;48;;;9818.5;0.0
4;8000;SNACKPACK_CHOCOLATE;9807;33;9805;54;;;9824;33;9826;54;;;9815.5;0.0
4;8100;SNACKPACK_CHOCOLATE;9804;36;9802;49;;;9820;36;9822;49;;;9812.0;0.0
4;8200;SNACKPACK_CHOCOLATE;9798;21;9797;41;;;9815;21;9817;41;;;9806.5;0.0
4;8300;SNACKPACK_CHOCOLATE;9809;31;9807;49;;;9826;31;9827;49;;;9817.5;0.0
4;8400;SNACKPACK_CHOCOLATE;9801;35;9799;43;;;9817;35;9819;43;;;9809.0;0.0
4;8500;SNACKPACK_CHOCOLATE;9809;28;9807;60;;;9826;28;9828;60;;;9817.5;0.0
4;8600;SNACKPACK_CHOCOLATE;9813;22;9811;49;;;9830;22;9832;49;;;9821.5;0.0
4;8700;SNACKPACK_CHOCOLATE;9829;35;9827;44;;;9846;35;9848;44;;;9837.5;0.0
4;8800;SNACKPACK_CHOCOLATE;9840;34;9838;44;;;9856;34;9858;44;;;9848.0;0.0
4;8900;SNACKPACK_CHOCOLATE;9841;26;9839;48;;;9858;26;9860;48;;;9849.5;0.0
4;9000;SNACKPACK_CHOCOLATE;9841;2;9833;28;9831;40;9850;28;9852;40;;;9845.5;0.0
4;9100;SNACKPACK_CHOCOLATE;9829;40;9827;42;;;9845;40;9847;42;;;9837.0;0.0
4;9200;SNACKPACK_CHOCOLATE;9835;37;9834;58;;;9852;37;9854;58;;;9843.5;0.0
4;9300;SNACKPACK_CHOCOLATE;9827;36;9825;47;;;9844;36;9846;47;;;9835.5;0.0
4;9400;SNACKPACK_CHOCOLATE;9833;39;9831;42;;;9850;39;9852;42;;;9841.5;0.0
4;9500;SNACKPACK_CHOCOLATE;9840;27;9838;59;;;9857;27;9859;59;;;9848.5;0.0
4;9600;SNACKPACK_CHOCOLATE;9851;36;9849;55;;;9868;36;9870;55;;;9859.5;0.0
4;9700;SNACKPACK_CHOCOLATE;9844;39;9842;43;;;9860;39;9862;43;;;9852.0;0.0
4;9800;SNACKPACK_CHOCOLATE;9844;31;9842;52;;;9861;31;9863;52;;;9852.5;0.0
4;9900;SNACKPACK_CHOCOLATE;9845;21;9843;49;;;9862;21;9864;49;;;9853.5;0.0
4;10000;SNACKPACK_CHOCOLATE;9843;24;9841;53;;;9859;24;9861;53;;;9851.0;0.0
4;10100;SNACKPACK_CHOCOLATE;9843;35;9841;51;;;9859;35;9861;51;;;9851.0;0.0
4;10200;SNACKPACK_CHOCOLATE;9834;34;9832;56;;;9851;34;9853;56;;;9842.5;0.0
4;10300;SNACKPACK_CHOCOLATE;9836;24;9834;51;;;9852;24;9854;51;;;9844.0;0.0
4;10400;SNACKPACK_CHOCOLATE;9839;35;9837;42;;;9856;35;9857;42;;;9847.5;0.0
4;10500;SNACKPACK_CHOCOLATE;9842;37;9840;60;;;9859;37;9861;60;;;9850.5;0.0
4;10600;SNACKPACK_CHOCOLATE;9847;20;9845;58;;;9855;6;9864;20;9866;58;9851.0;0.0
4;10700;SNACKPACK_CHOCOLATE;9846;31;9844;45;;;9863;31;9865;45;;;9854.5;0.0
4;10800;SNACKPACK_CHOCOLATE;9838;30;9836;58;;;9855;30;9857;58;;;9846.5;0.0
4;10900;SNACKPACK_CHOCOLATE;9833;37;9831;47;;;9850;37;9852;47;;;9841.5;0.0
4;11000;SNACKPACK_CHOCOLATE;9828;28;9826;40;;;9844;28;9846;40;;;9836.0;0.0
4;11100;SNACKPACK_CHOCOLATE;9818;33;9816;48;;;9834;33;9836;48;;;9826.0;0.0
4;11200;SNACKPACK_CHOCOLATE;9836;22;9834;43;;;9853;22;9855;43;;;9844.5;0.0
4;11300;SNACKPACK_CHOCOLATE;9838;20;9836;48;;;9855;20;9857;48;;;9846.5;0.0
4;11400;SNACKPACK_CHOCOLATE;9835;29;9833;57;;;9852;29;9854;57;;;9843.5;0.0
4;11500;SNACKPACK_CHOCOLATE;9842;24;9840;47;;;9859;24;9861;47;;;9850.5;0.0
4;11600;SNACKPACK_CHOCOLATE;9850;29;9848;40;;;9867;29;9869;40;;;9858.5;0.0
4;11700;SNACKPACK_CHOCOLATE;9852;25;9850;42;;;9868;25;9870;42;;;9860.0;0.0
4;11800;SNACKPACK_CHOCOLATE;9844;20;9843;42;;;9861;20;9863;42;;;9852.5;0.0
4;11900;SNACKPACK_CHOCOLATE;9852;21;9850;45;;;9869;21;9871;45;;;9860.5;0.0
4;12000;SNACKPACK_CHOCOLATE;9862;33;9860;46;;;9878;33;9880;46;;;9870.0;0.0
4;12100;SNACKPACK_CHOCOLATE;9853;27;9851;43;;;9870;27;9872;43;;;9861.5;0.0
4;12200;SNACKPACK_CHOCOLATE;9860;34;9858;54;;;9877;34;9879;54;;;9868.5;0.0
4;12300;SNACKPACK_CHOCOLATE;9856;31;9854;52;;;9873;31;9875;52;;;9864.5;0.0
4;12400;SNACKPACK_CHOCOLATE;9867;20;9865;56;;;9884;20;9886;56;;;9875.5;0.0
4;12500;SNACKPACK_CHOCOLATE;9871;30;9869;42;;;9888;30;9890;42;;;9879.5;0.0
4;12600;SNACKPACK_CHOCOLATE;9882;33;9880;58;;;9898;33;9900;58;;;9890.0;0.0
4;12700;SNACKPACK_CHOCOLATE;9885;5;9877;22;9875;54;9894;22;9896;54;;;9889.5;0.0
4;12800;SNACKPACK_CHOCOLATE;9873;21;9871;58;;;9889;21;9891;58;;;9881.0;0.0
4;12900;SNACKPACK_CHOCOLATE;9869;33;9867;41;;;9886;33;9887;41;;;9877.5;0.0
4;13000;SNACKPACK_CHOCOLATE;9869;25;9867;47;;;9886;25;9888;47;;;9877.5;0.0
4;13100;SNACKPACK_CHOCOLATE;9873;26;9871;40;;;9890;26;9892;40;;;9881.5;0.0
4;13200;SNACKPACK_CHOCOLATE;9869;35;9867;41;;;9886;35;9888;41;;;9877.5;0.0
4;13300;SNACKPACK_CHOCOLATE;9861;38;9859;45;;;9878;38;9880;45;;;9869.5;0.0
4;13400;SNACKPACK_CHOCOLATE;9862;34;9860;55;;;9878;34;9880;55;;;9870.0;0.0
4;13500;SNACKPACK_CHOCOLATE;9859;34;9857;52;;;9876;34;9878;52;;;9867.5;0.0
4;13600;SNACKPACK_CHOCOLATE;9872;20;9870;49;;;9888;20;9890;49;;;9880.0;0.0
4;13700;SNACKPACK_CHOCOLATE;9864;40;9863;42;;;9881;40;9883;42;;;9872.5;0.0
4;13800;SNACKPACK_CHOCOLATE;9866;29;9864;52;;;9883;29;9885;52;;;9874.5;0.0
4;13900;SNACKPACK_CHOCOLATE;9869;30;9867;52;;;9886;30;9888;52;;;9877.5;0.0
4;14000;SNACKPACK_CHOCOLATE;9874;25;9872;42;;;9891;25;9893;42;;;9882.5;0.0
4;14100;SNACKPACK_CHOCOLATE;9876;34;9874;58;;;9893;34;9895;58;;;9884.5;0.0
4;14200;SNACKPACK_CHOCOLATE;9881;39;9879;49;;;9897;39;9899;49;;;9889.0;0.0
4;14300;SNACKPACK_CHOCOLATE;9876;34;9874;42;;;9893;34;9895;42;;;9884.5;0.0
4;14400;SNACKPACK_CHOCOLATE;9888;20;9886;52;;;9904;20;9906;52;;;9896.0;0.0
4;14500;SNACKPACK_CHOCOLATE;9892;38;9890;60;;;9909;38;9911;60;;;9900.5;0.0
4;14600;SNACKPACK_CHOCOLATE;9881;33;9879;43;;;9898;33;9900;43;;;9889.5;0.0
4;14700;SNACKPACK_CHOCOLATE;9889;33;9887;51;;;9906;33;9908;51;;;9897.5;0.0
4;14800;SNACKPACK_CHOCOLATE;9891;21;9889;41;;;9908;21;9910;41;;;9899.5;0.0
4;14900;SNACKPACK_CHOCOLATE;9883;20;9881;43;;;9899;20;9901;43;;;9891.0;0.0
4;15000;SNACKPACK_CHOCOLATE;9873;31;9871;60;;;9890;31;9892;60;;;9881.5;0.0
4;15100;SNACKPACK_CHOCOLATE;9865;40;9863;56;;;9882;40;9884;56;;;9873.5;0.0
4;15200;SNACKPACK_CHOCOLATE;9868;22;9866;53;;;9885;22;9887;53;;;9876.5;0.0
4;15300;SNACKPACK_CHOCOLATE;9873;21;9872;57;;;9890;21;9892;57;;;9881.5;0.0
4;15400;SNACKPACK_CHOCOLATE;9877;37;9875;42;;;9894;37;9896;42;;;9885.5;0.0
4;15500;SNACKPACK_CHOCOLATE;9867;27;9865;50;;;9884;27;9886;50;;;9875.5;0.0
4;15600;SNACKPACK_CHOCOLATE;9867;24;9865;40;;;9884;24;9886;40;;;9875.5;0.0
4;15700;SNACKPACK_CHOCOLATE;9861;38;9859;44;;;9878;38;9880;44;;;9869.5;0.0
4;15800;SNACKPACK_CHOCOLATE;9861;32;9859;47;;;9878;32;9880;47;;;9869.5;0.0
4;15900;SNACKPACK_CHOCOLATE;9864;31;9862;43;;;9880;31;9882;43;;;9872.0;0.0
4;16000;SNACKPACK_CHOCOLATE;9871;37;9869;53;;;9888;37;9890;53;;;9879.5;0.0
4;16100;SNACKPACK_CHOCOLATE;9876;34;9874;57;;;9892;34;9894;57;;;9884.0;0.0
4;16200;SNACKPACK_CHOCOLATE;9871;26;9869;53;;;9888;26;9890;53;;;9879.5;0.0
4;16300;SNACKPACK_CHOCOLATE;9882;36;9880;45;;;9898;36;9900;45;;;9890.0;0.0
4;16400;SNACKPACK_CHOCOLATE;9877;28;9875;57;;;9894;28;9896;57;;;9885.5;0.0
4;16500;SNACKPACK_CHOCOLATE;9887;37;9885;41;;;9904;37;9906;41;;;9895.5;0.0
4;16600;SNACKPACK_CHOCOLATE;9889;37;9887;50;;;9906;37;9908;50;;;9897.5;0.0
4;16700;SNACKPACK_CHOCOLATE;9878;31;9876;42;;;9895;31;9896;42;;;9886.5;0.0
4;16800;SNACKPACK_CHOCOLATE;9884;34;9882;53;;;9901;34;9903;53;;;9892.5;0.0
4;16900;SNACKPACK_CHOCOLATE;9899;39;9898;43;;;9916;39;9918;43;;;9907.5;0.0
4;17000;SNACKPACK_CHOCOLATE;9905;36;9903;46;;;9922;36;9924;46;;;9913.5;0.0
4;17100;SNACKPACK_CHOCOLATE;9902;36;9900;46;;;9919;36;9921;46;;;9910.5;0.0
4;17200;SNACKPACK_CHOCOLATE;9912;30;9910;46;;;9929;30;9931;46;;;9920.5;0.0
4;17300;SNACKPACK_CHOCOLATE;9911;36;9909;54;;;9928;36;9930;54;;;9919.5;0.0
4;17400;SNACKPACK_CHOCOLATE;9896;25;9894;52;;;9913;25;9915;52;;;9904.5;0.0
4;17500;SNACKPACK_CHOCOLATE;9907;6;9899;21;9897;44;9916;21;9918;44;;;9911.5;0.0
4;17600;SNACKPACK_CHOCOLATE;9906;34;9904;57;;;9923;34;9925;57;;;9914.5;0.0
4;17700;SNACKPACK_CHOCOLATE;9903;25;9901;50;;;9919;25;9921;50;;;9911.0;0.0
4;17800;SNACKPACK_CHOCOLATE;9893;32;9891;48;;;9910;32;9912;48;;;9901.5;0.0
4;17900;SNACKPACK_CHOCOLATE;9896;36;9894;41;;;9912;36;9914;41;;;9904.0;0.0
4;18000;SNACKPACK_CHOCOLATE;9909;31;9907;44;;;9926;31;9928;44;;;9917.5;0.0
4;18100;SNACKPACK_CHOCOLATE;9907;34;9905;47;;;9924;34;9926;47;;;9915.5;0.0
4;18200;SNACKPACK_CHOCOLATE;9913;22;9911;41;;;9930;22;9932;41;;;9921.5;0.0
4;18300;SNACKPACK_CHOCOLATE;9915;21;9913;58;;;9931;21;9933;58;;;9923.0;0.0
4;18400;SNACKPACK_CHOCOLATE;9901;27;9899;42;;;9918;27;9920;42;;;9909.5;0.0
4;18500;SNACKPACK_CHOCOLATE;9892;37;9890;55;;;9909;37;9911;55;;;9900.5;0.0
4;18600;SNACKPACK_CHOCOLATE;9883;26;9881;59;;;9899;26;9901;59;;;9891.0;0.0
4;18700;SNACKPACK_CHOCOLATE;9884;23;9882;53;;;9900;23;9902;53;;;9892.0;0.0
4;18800;SNACKPACK_CHOCOLATE;9878;40;9876;42;;;9894;40;9896;42;;;9886.0;0.0
4;18900;SNACKPACK_CHOCOLATE;9875;21;9873;50;;;9891;21;9893;50;;;9883.0;0.0
4;19000;SNACKPACK_CHOCOLATE;9866;30;9864;45;;;9883;30;9885;45;;;9874.5;0.0
4;19100;SNACKPACK_CHOCOLATE;9872;21;9870;47;;;9889;21;9891;47;;;9880.5;0.0
4;19200;SNACKPACK_CHOCOLATE;9873;20;9871;41;;;9890;20;9892;41;;;9881.5;0.0
4;19300;SNACKPACK_CHOCOLATE;9871;39;9869;56;;;9888;39;9890;56;;;9879.5;0.0
4;19400;SNACKPACK_CHOCOLATE;9872;28;9870;42;;;9889;28;9891;42;;;9880.5;0.0
4;19500;SNACKPACK_CHOCOLATE;9862;24;9860;40;;;9879;24;9881;40;;;9870.5;0.0
4;19600;SNACKPACK_CHOCOLATE;9878;27;9876;58;;;9894;27;9896;58;;;9886.0;0.0
4;19700;SNACKPACK_CHOCOLATE;9877;26;9875;40;;;9894;26;9896;40;;;9885.5;0.0
4;19800;SNACKPACK_CHOCOLATE;9883;31;9881;53;;;9900;31;9902;53;;;9891.5;0.0
4;19900;SNACKPACK_CHOCOLATE;9885;26;9883;58;;;9902;26;9904;58;;;9893.5;0.0
4;20000;SNACKPACK_CHOCOLATE;9898;20;9896;49;;;9915;20;9917;49;;;9906.5;0.0
4;20100;SNACKPACK_CHOCOLATE;9901;39;9899;40;;;9917;39;9919;40;;;9909.0;0.0
4;20200;SNACKPACK_CHOCOLATE;9901;35;9899;56;;;9918;35;9920;56;;;9909.5;0.0
4;20300;SNACKPACK_CHOCOLATE;9900;28;9898;51;;;9917;28;9919;51;;;9908.5;0.0
4;20400;SNACKPACK_CHOCOLATE;9897;20;9895;50;;;9913;20;9915;50;;;9905.0;0.0
4;20500;SNACKPACK_CHOCOLATE;9902;22;9900;55;;;9919;22;9921;55;;;9910.5;0.0
4;20600;SNACKPACK_CHOCOLATE;9893;37;9891;57;;;9910;37;9912;57;;;9901.5;0.0
4;20700;SNACKPACK_CHOCOLATE;9884;25;9882;50;;;9901;25;9903;50;;;9892.5;0.0
4;20800;SNACKPACK_CHOCOLATE;9885;27;9883;49;;;9901;27;9903;49;;;9893.0;0.0
4;20900;SNACKPACK_CHOCOLATE;9891;28;9889;41;;;9908;28;9910;41;;;9899.5;0.0
4;21000;SNACKPACK_CHOCOLATE;9888;30;9886;56;;;9905;30;9907;56;;;9896.5;0.0
4;21100;SNACKPACK_CHOCOLATE;9887;28;9885;49;;;9904;28;9906;49;;;9895.5;0.0
4;21200;SNACKPACK_CHOCOLATE;9892;30;9890;52;;;9909;30;9911;52;;;9900.5;0.0
4;21300;SNACKPACK_CHOCOLATE;9890;23;9888;56;;;9907;23;9909;56;;;9898.5;0.0
4;21400;SNACKPACK_CHOCOLATE;9898;37;9896;59;;;9915;37;9917;59;;;9906.5;0.0
4;21500;SNACKPACK_CHOCOLATE;9890;34;9888;54;;;9907;34;9909;54;;;9898.5;0.0
4;21600;SNACKPACK_CHOCOLATE;9892;30;9890;50;;;9909;30;9911;50;;;9900.5;0.0
4;21700;SNACKPACK_CHOCOLATE;9890;27;9888;56;;;9907;27;9909;56;;;9898.5;0.0
4;21800;SNACKPACK_CHOCOLATE;9899;39;9897;41;;;9916;39;9918;41;;;9907.5;0.0
4;21900;SNACKPACK_CHOCOLATE;9901;40;9899;44;;;9918;40;9920;44;;;9909.5;0.0
4;22000;SNACKPACK_CHOCOLATE;9897;34;9895;59;;;9914;34;9916;59;;;9905.5;0.0
4;22100;SNACKPACK_CHOCOLATE;9890;35;9888;60;;;9907;35;9909;60;;;9898.5;0.0
4;22200;SNACKPACK_CHOCOLATE;9890;26;9888;59;;;9907;26;9909;59;;;9898.5;0.0
4;22300;SNACKPACK_CHOCOLATE;9883;35;9881;55;;;9900;35;9902;55;;;9891.5;0.0
4;22400;SNACKPACK_CHOCOLATE;9885;25;9883;55;;;9901;25;9903;55;;;9893.0;0.0
4;22500;SNACKPACK_CHOCOLATE;9872;23;9870;60;;;9889;23;9891;60;;;9880.5;0.0
4;22600;SNACKPACK_CHOCOLATE;9871;26;9869;50;;;9888;26;9890;50;;;9879.5;0.0
4;22700;SNACKPACK_CHOCOLATE;9876;26;9875;41;;;9893;26;9895;41;;;9884.5;0.0
4;22800;SNACKPACK_CHOCOLATE;9865;40;9863;53;;;9882;40;9884;53;;;9873.5;0.0
4;22900;SNACKPACK_CHOCOLATE;9859;33;9857;55;;;9876;33;9878;55;;;9867.5;0.0
4;23000;SNACKPACK_CHOCOLATE;9870;23;9868;45;;;9887;23;9889;45;;;9878.5;0.0
4;23100;SNACKPACK_CHOCOLATE;9874;32;9872;54;;;9890;32;9892;54;;;9882.0;0.0
4;23200;SNACKPACK_CHOCOLATE;9877;35;9875;60;;;9894;35;9896;60;;;9885.5;0.0
4;23300;SNACKPACK_CHOCOLATE;9886;40;9884;49;;;9903;40;9905;49;;;9894.5;0.0
4;23400;SNACKPACK_CHOCOLATE;9885;34;9883;51;;;9902;34;9904;51;;;9893.5;0.0
4;23500;SNACKPACK_CHOCOLATE;9897;22;9895;40;;;9914;22;9916;40;;;9905.5;0.0
4;23600;SNACKPACK_CHOCOLATE;9902;27;9900;44;;;9919;27;9921;44;;;9910.5;0.0
4;23700;SNACKPACK_CHOCOLATE;9899;22;9897;48;;;9916;22;9918;48;;;9907.5;0.0
4;23800;SNACKPACK_CHOCOLATE;9900;39;9898;51;;;9916;39;9918;51;;;9908.0;0.0
4;23900;SNACKPACK_CHOCOLATE;9900;25;9898;41;;;9917;25;9919;41;;;9908.5;0.0
4;24000;SNACKPACK_CHOCOLATE;9894;21;9892;51;;;9911;21;9913;51;;;9902.5;0.0
4;24100;SNACKPACK_CHOCOLATE;9896;23;9894;57;;;9913;23;9915;57;;;9904.5;0.0
4;24200;SNACKPACK_CHOCOLATE;9891;36;9889;47;;;9908;36;9910;47;;;9899.5;0.0
4;24300;SNACKPACK_CHOCOLATE;9887;29;9885;52;;;9903;29;9905;52;;;9895.0;0.0
4;24400;SNACKPACK_CHOCOLATE;9885;25;9883;56;;;9902;25;9904;56;;;9893.5;0.0
4;24500;SNACKPACK_CHOCOLATE;9886;28;9885;44;;;9903;28;9905;44;;;9894.5;0.0
4;24600;SNACKPACK_CHOCOLATE;9886;28;9884;47;;;9903;28;9905;47;;;9894.5;0.0
4;24700;SNACKPACK_CHOCOLATE;9876;39;9874;45;;;9893;39;9895;45;;;9884.5;0.0
4;24800;SNACKPACK_CHOCOLATE;9879;4;9871;34;9869;40;9888;34;9890;40;;;9883.5;0.0
4;24900;SNACKPACK_CHOCOLATE;9867;25;9865;58;;;9884;25;9886;58;;;9875.5;0.0
4;25000;SNACKPACK_CHOCOLATE;9878;22;9876;47;;;9895;22;9897;47;;;9886.5;0.0
4;25100;SNACKPACK_CHOCOLATE;9882;34;9880;42;;;9899;34;9901;42;;;9890.5;0.0
4;25200;SNACKPACK_CHOCOLATE;9886;27;9884;41;;;9903;27;9905;41;;;9894.5;0.0
4;25300;SNACKPACK_CHOCOLATE;9897;40;9895;59;;;9914;40;9916;59;;;9905.5;0.0
4;25400;SNACKPACK_CHOCOLATE;9893;30;9891;58;;;9909;30;9911;58;;;9901.0;0.0
4;25500;SNACKPACK_CHOCOLATE;9900;22;9898;55;;;9916;22;9918;55;;;9908.0;0.0
4;25600;SNACKPACK_CHOCOLATE;9901;28;9899;42;;;9918;28;9920;42;;;9909.5;0.0
4;25700;SNACKPACK_CHOCOLATE;9898;31;9896;49;;;9915;31;9917;49;;;9906.5;0.0
4;25800;SNACKPACK_CHOCOLATE;9904;36;9902;54;;;9921;36;9923;54;;;9912.5;0.0
4;25900;SNACKPACK_CHOCOLATE;9909;40;9907;48;;;9926;40;9928;48;;;9917.5;0.0
4;26000;SNACKPACK_CHOCOLATE;9918;33;9916;50;;;9935;33;9937;50;;;9926.5;0.0
4;26100;SNACKPACK_CHOCOLATE;9917;23;9916;45;;;9934;23;9936;45;;;9925.5;0.0
4;26200;SNACKPACK_CHOCOLATE;9924;39;9922;55;;;9941;39;9943;55;;;9932.5;0.0
4;26300;SNACKPACK_CHOCOLATE;9934;22;9932;58;;;9951;22;9953;58;;;9942.5;0.0
4;26400;SNACKPACK_CHOCOLATE;9942;6;9934;31;9932;50;9951;31;9953;50;;;9946.5;0.0
4;26500;SNACKPACK_CHOCOLATE;9931;35;9929;54;;;9948;35;9950;54;;;9939.5;0.0
4;26600;SNACKPACK_CHOCOLATE;9934;26;9932;40;;;9951;26;9953;40;;;9942.5;0.0
4;26700;SNACKPACK_CHOCOLATE;9939;39;9937;42;;;9956;39;9958;42;;;9947.5;0.0
4;26800;SNACKPACK_CHOCOLATE;9934;35;9933;59;;;9951;35;9953;59;;;9942.5;0.0
4;26900;SNACKPACK_CHOCOLATE;9931;32;9929;57;;;9948;32;9950;57;;;9939.5;0.0
4;27000;SNACKPACK_CHOCOLATE;9938;35;9936;49;;;9955;35;9957;49;;;9946.5;0.0
4;27100;SNACKPACK_CHOCOLATE;9940;27;9938;42;;;9957;27;9959;42;;;9948.5;0.0
4;27200;SNACKPACK_CHOCOLATE;9942;27;9940;50;;;9959;27;9961;50;;;9950.5;0.0
4;27300;SNACKPACK_CHOCOLATE;9938;38;9936;59;;;9955;38;9957;59;;;9946.5;0.0
4;27400;SNACKPACK_CHOCOLATE;9933;21;9931;58;;;9950;21;9952;58;;;9941.5;0.0
4;27500;SNACKPACK_CHOCOLATE;9942;2;9934;25;9932;59;9951;25;9953;59;;;9946.5;0.0
4;27600;SNACKPACK_CHOCOLATE;9924;24;9922;50;;;9941;24;9943;50;;;9932.5;0.0
4;27700;SNACKPACK_CHOCOLATE;9931;35;9929;51;;;9948;35;9950;51;;;9939.5;0.0
4;27800;SNACKPACK_CHOCOLATE;9924;38;9922;54;;;9941;38;9943;54;;;9932.5;0.0
4;27900;SNACKPACK_CHOCOLATE;9916;32;9914;52;;;9933;32;9935;52;;;9924.5;0.0
4;28000;SNACKPACK_CHOCOLATE;9924;29;9922;40;;;9941;29;9943;40;;;9932.5;0.0
4;28100;SNACKPACK_CHOCOLATE;9922;20;9920;58;;;9939;20;9941;58;;;9930.5;0.0
4;28200;SNACKPACK_CHOCOLATE;9914;36;9912;52;;;9931;36;9933;52;;;9922.5;0.0
4;28300;SNACKPACK_CHOCOLATE;9915;21;9913;52;;;9932;21;9934;52;;;9923.5;0.0
4;28400;SNACKPACK_CHOCOLATE;9907;25;9906;47;;;9924;25;9926;47;;;9915.5;0.0
4;28500;SNACKPACK_CHOCOLATE;9905;33;9903;44;;;9921;33;9923;44;;;9913.0;0.0
4;28600;SNACKPACK_CHOCOLATE;9910;21;9908;50;;;9927;21;9929;50;;;9918.5;0.0
4;28700;SNACKPACK_CHOCOLATE;9910;29;9908;44;;;9927;29;9929;44;;;9918.5;0.0
4;28800;SNACKPACK_CHOCOLATE;9910;24;9908;46;;;9927;24;9928;46;;;9918.5;0.0
4;28900;SNACKPACK_CHOCOLATE;9907;36;9905;53;;;9924;36;9926;53;;;9915.5;0.0
4;29000;SNACKPACK_CHOCOLATE;9914;40;9912;51;;;9930;40;9932;51;;;9922.0;0.0
4;29100;SNACKPACK_CHOCOLATE;9915;28;9913;59;;;9932;28;9934;59;;;9923.5;0.0
4;29200;SNACKPACK_CHOCOLATE;9910;36;9908;44;;;9927;36;9929;44;;;9918.5;0.0
4;29300;SNACKPACK_CHOCOLATE;9919;40;9917;54;;;9935;40;9937;54;;;9927.0;0.0
4;29400;SNACKPACK_CHOCOLATE;9912;35;9910;56;;;9929;35;9931;56;;;9920.5;0.0
4;29500;SNACKPACK_CHOCOLATE;9927;2;9919;29;9917;41;9936;29;9938;41;;;9931.5;0.0
4;29600;SNACKPACK_CHOCOLATE;9910;28;9908;48;;;9927;28;9929;48;;;9918.5;0.0
4;29700;SNACKPACK_CHOCOLATE;9906;25;9904;53;;;9923;25;9925;53;;;9914.5;0.0
4;29800;SNACKPACK_CHOCOLATE;9903;39;9901;50;;;9920;39;9922;50;;;9911.5;0.0
4;29900;SNACKPACK_CHOCOLATE;9907;24;9905;45;;;9924;24;9926;45;;;9915.5;0.0
4;30000;SNACKPACK_CHOCOLATE;9909;24;9907;51;;;9926;24;9928;51;;;9917.5;0.0
4;30100;SNACKPACK_CHOCOLATE;9915;21;9913;49;;;9932;21;9934;49;;;9923.5;0.0
4;30200;SNACKPACK_CHOCOLATE;9912;29;9910;48;;;9929;29;9931;48;;;9920.5;0.0
4;30300;SNACKPACK_CHOCOLATE;9908;37;9906;59;;;9925;37;9927;59;;;9916.5;0.0
4;30400;SNACKPACK_CHOCOLATE;9922;27;9920;50;;;9939;27;9941;50;;;9930.5;0.0
4;30500;SNACKPACK_CHOCOLATE;9920;33;9918;48;;;9937;33;9939;48;;;9928.5;0.0
4;30600;SNACKPACK_CHOCOLATE;9913;38;9911;56;;;9930;38;9932;56;;;9921.5;0.0
4;30700;SNACKPACK_CHOCOLATE;9915;22;9913;51;;;9932;22;9934;51;;;9923.5;0.0
4;30800;SNACKPACK_CHOCOLATE;9920;23;9918;48;;;9937;23;9939;48;;;9928.5;0.0
4;30900;SNACKPACK_CHOCOLATE;9921;38;9919;40;;;9938;38;9940;40;;;9929.5;0.0
4;31000;SNACKPACK_CHOCOLATE;9916;21;9914;41;;;9933;21;9935;41;;;9924.5;0.0
4;31100;SNACKPACK_CHOCOLATE;9919;36;9917;51;;;9936;36;9938;51;;;9927.5;0.0
4;31200;SNACKPACK_CHOCOLATE;9930;5;9922;35;9920;60;9939;35;9941;60;;;9934.5;0.0
4;31300;SNACKPACK_CHOCOLATE;9926;21;9924;45;;;9943;21;9945;45;;;9934.5;0.0
4;31400;SNACKPACK_CHOCOLATE;9929;25;9927;46;;;9937;3;9946;25;9948;46;9933.0;0.0
4;31500;SNACKPACK_CHOCOLATE;9933;25;9931;47;;;9950;25;9952;47;;;9941.5;0.0
4;31600;SNACKPACK_CHOCOLATE;9920;23;9918;46;;;9937;23;9939;46;;;9928.5;0.0
4;31700;SNACKPACK_CHOCOLATE;9915;21;9913;59;;;9932;21;9934;59;;;9923.5;0.0
4;31800;SNACKPACK_CHOCOLATE;9922;34;9920;47;;;9939;34;9941;47;;;9930.5;0.0
4;31900;SNACKPACK_CHOCOLATE;9931;20;9929;56;;;9947;20;9949;56;;;9939.0;0.0
4;32000;SNACKPACK_CHOCOLATE;9933;32;9931;52;;;9950;32;9952;52;;;9941.5;0.0
4;32100;SNACKPACK_CHOCOLATE;9933;32;9931;41;;;9950;32;9952;41;;;9941.5;0.0
4;32200;SNACKPACK_CHOCOLATE;9933;22;9931;59;;;9950;22;9952;59;;;9941.5;0.0
4;32300;SNACKPACK_CHOCOLATE;9933;22;9931;43;;;9950;22;9952;43;;;9941.5;0.0
4;32400;SNACKPACK_CHOCOLATE;9937;24;9935;56;;;9954;24;9956;56;;;9945.5;0.0
4;32500;SNACKPACK_CHOCOLATE;9933;32;9931;56;;;9950;32;9952;56;;;9941.5;0.0
4;32600;SNACKPACK_CHOCOLATE;9922;27;9920;43;;;9939;27;9941;43;;;9930.5;0.0
4;32700;SNACKPACK_CHOCOLATE;9910;40;9908;42;;;9927;40;9929;42;;;9918.5;0.0
4;32800;SNACKPACK_CHOCOLATE;9907;22;9905;43;;;9924;22;9926;43;;;9915.5;0.0
4;32900;SNACKPACK_CHOCOLATE;9910;29;9908;58;;;9918;6;9927;29;9929;58;9914.0;0.0
4;33000;SNACKPACK_CHOCOLATE;9914;30;9912;59;;;9931;30;9933;59;;;9922.5;0.0
4;33100;SNACKPACK_CHOCOLATE;9913;24;9911;52;;;9930;24;9932;52;;;9921.5;0.0
4;33200;SNACKPACK_CHOCOLATE;9900;34;9898;57;;;9917;34;9919;57;;;9908.5;0.0
4;33300;SNACKPACK_CHOCOLATE;9898;24;9896;55;;;9915;24;9917;55;;;9906.5;0.0
4;33400;SNACKPACK_CHOCOLATE;9900;22;9898;48;;;9917;22;9919;48;;;9908.5;0.0
4;33500;SNACKPACK_CHOCOLATE;9885;26;9883;42;;;9902;26;9904;42;;;9893.5;0.0
4;33600;SNACKPACK_CHOCOLATE;9879;39;9877;45;;;9896;39;9897;45;;;9887.5;0.0
4;33700;SNACKPACK_CHOCOLATE;9867;40;9865;47;;;9884;40;9886;47;;;9875.5;0.0
4;33800;SNACKPACK_CHOCOLATE;9856;32;9854;58;;;9873;32;9875;58;;;9864.5;0.0
4;33900;SNACKPACK_CHOCOLATE;9862;25;9860;57;;;9879;25;9881;57;;;9870.5;0.0
4;34000;SNACKPACK_CHOCOLATE;9874;29;9872;43;;;9891;29;9892;43;;;9882.5;0.0
4;34100;SNACKPACK_CHOCOLATE;9870;32;9868;55;;;9887;32;9889;55;;;9878.5;0.0
4;34200;SNACKPACK_CHOCOLATE;9869;39;9867;51;;;9886;39;9888;51;;;9877.5;0.0
4;34300;SNACKPACK_CHOCOLATE;9874;25;9873;51;;;9891;25;9893;51;;;9882.5;0.0
4;34400;SNACKPACK_CHOCOLATE;9869;22;9867;42;;;9886;22;9888;42;;;9877.5;0.0
4;34500;SNACKPACK_CHOCOLATE;9879;28;9877;47;;;9895;28;9897;47;;;9887.0;0.0
4;34600;SNACKPACK_CHOCOLATE;9876;27;9874;45;;;9893;27;9895;45;;;9884.5;0.0
4;34700;SNACKPACK_CHOCOLATE;9875;24;9874;57;;;9892;24;9894;57;;;9883.5;0.0
4;34800;SNACKPACK_CHOCOLATE;9883;40;9881;42;;;9900;40;9902;42;;;9891.5;0.0
4;34900;SNACKPACK_CHOCOLATE;9896;20;9894;60;;;9913;20;9915;60;;;9904.5;0.0
4;35000;SNACKPACK_CHOCOLATE;9897;33;9895;52;;;9914;33;9916;52;;;9905.5;0.0
4;35100;SNACKPACK_CHOCOLATE;9899;20;9897;59;;;9916;20;9917;59;;;9907.5;0.0
4;35200;SNACKPACK_CHOCOLATE;9891;23;9889;56;;;9899;6;9908;23;9910;56;9895.0;0.0
4;35300;SNACKPACK_CHOCOLATE;9879;25;9877;50;;;9896;25;9898;50;;;9887.5;0.0
4;35400;SNACKPACK_CHOCOLATE;9865;29;9863;58;;;9882;29;9884;58;;;9873.5;0.0
4;35500;SNACKPACK_CHOCOLATE;9869;28;9867;47;;;9885;28;9887;47;;;9877.0;0.0
4;35600;SNACKPACK_CHOCOLATE;9865;37;9863;58;;;9882;37;9883;58;;;9873.5;0.0
4;35700;SNACKPACK_CHOCOLATE;9868;40;9866;40;;;9885;40;9887;40;;;9876.5;0.0
4;35800;SNACKPACK_CHOCOLATE;9874;40;9872;43;;;9890;40;9892;43;;;9882.0;0.0
4;35900;SNACKPACK_CHOCOLATE;9858;37;9857;40;;;9875;37;9877;40;;;9866.5;0.0
4;36000;SNACKPACK_CHOCOLATE;9850;36;9848;57;;;9867;36;9869;57;;;9858.5;0.0
4;36100;SNACKPACK_CHOCOLATE;9847;23;9845;51;;;9864;23;9866;51;;;9855.5;0.0
4;36200;SNACKPACK_CHOCOLATE;9834;23;9832;41;;;9851;23;9853;41;;;9842.5;0.0
4;36300;SNACKPACK_CHOCOLATE;9837;27;9835;45;;;9854;27;9856;45;;;9845.5;0.0
4;36400;SNACKPACK_CHOCOLATE;9837;37;9835;51;;;9854;37;9856;51;;;9845.5;0.0
4;36500;SNACKPACK_CHOCOLATE;9813;22;9811;42;;;9830;22;9832;42;;;9821.5;0.0
4;36600;SNACKPACK_CHOCOLATE;9813;24;9811;46;;;9830;24;9832;46;;;9821.5;0.0
4;36700;SNACKPACK_CHOCOLATE;9820;28;9818;51;;;9836;28;9838;51;;;9828.0;0.0
4;36800;SNACKPACK_CHOCOLATE;9817;40;9815;52;;;9834;40;9836;52;;;9825.5;0.0
4;36900;SNACKPACK_CHOCOLATE;9814;32;9812;51;;;9831;32;9833;51;;;9822.5;0.0
4;37000;SNACKPACK_CHOCOLATE;9807;38;9805;46;;;9823;38;9825;46;;;9815.0;0.0
4;37100;SNACKPACK_CHOCOLATE;9807;38;9806;43;;;9824;38;9826;43;;;9815.5;0.0
4;37200;SNACKPACK_CHOCOLATE;9813;29;9811;48;;;9830;29;9832;48;;;9821.5;0.0
4;37300;SNACKPACK_CHOCOLATE;9807;27;9805;60;;;9824;27;9826;60;;;9815.5;0.0
4;37400;SNACKPACK_CHOCOLATE;9809;31;9807;40;;;9825;31;9827;40;;;9817.0;0.0
4;37500;SNACKPACK_CHOCOLATE;9820;2;9812;33;9810;46;9829;33;9831;46;;;9824.5;0.0
4;37600;SNACKPACK_CHOCOLATE;9819;34;9817;53;;;9836;34;9838;53;;;9827.5;0.0
4;37700;SNACKPACK_CHOCOLATE;9822;30;9820;51;;;9838;30;9840;51;;;9830.0;0.0
4;37800;SNACKPACK_CHOCOLATE;9823;35;9821;44;;;9840;35;9842;44;;;9831.5;0.0
4;37900;SNACKPACK_CHOCOLATE;9824;32;9822;59;;;9841;32;9843;59;;;9832.5;0.0
4;38000;SNACKPACK_CHOCOLATE;9829;40;9827;48;;;9846;40;9848;48;;;9837.5;0.0
4;38100;SNACKPACK_CHOCOLATE;9823;26;9821;47;;;9840;26;9842;47;;;9831.5;0.0
4;38200;SNACKPACK_CHOCOLATE;9834;31;9832;59;;;9850;31;9852;59;;;9842.0;0.0
4;38300;SNACKPACK_CHOCOLATE;9831;36;9829;40;;;9847;36;9849;40;;;9839.0;0.0
4;38400;SNACKPACK_CHOCOLATE;9825;39;9823;43;;;9842;39;9844;43;;;9833.5;0.0
4;38500;SNACKPACK_CHOCOLATE;9838;31;9836;41;;;9855;31;9857;41;;;9846.5;0.0
4;38600;SNACKPACK_CHOCOLATE;9830;21;9828;59;;;9838;5;9847;21;9849;59;9834.0;0.0
4;38700;SNACKPACK_CHOCOLATE;9831;37;9829;58;;;9848;37;9850;58;;;9839.5;0.0
4;38800;SNACKPACK_CHOCOLATE;9829;36;9827;44;;;9846;36;9848;44;;;9837.5;0.0
4;38900;SNACKPACK_CHOCOLATE;9837;38;9835;45;;;9854;38;9856;45;;;9845.5;0.0
4;39000;SNACKPACK_CHOCOLATE;9852;21;9850;56;;;9869;21;9871;56;;;9860.5;0.0
4;39100;SNACKPACK_CHOCOLATE;9839;38;9837;46;;;9855;38;9857;46;;;9847.0;0.0
4;39200;SNACKPACK_CHOCOLATE;9830;37;9828;59;;;9847;37;9849;59;;;9838.5;0.0
4;39300;SNACKPACK_CHOCOLATE;9824;33;9822;40;;;9841;33;9843;40;;;9832.5;0.0
4;39400;SNACKPACK_CHOCOLATE;9826;40;9824;58;;;9842;40;9844;58;;;9834.0;0.0
4;39500;SNACKPACK_CHOCOLATE;9838;36;9836;51;;;9854;36;9856;51;;;9846.0;0.0
4;39600;SNACKPACK_CHOCOLATE;9836;26;9834;55;;;9852;26;9854;55;;;9844.0;0.0
4;39700;SNACKPACK_CHOCOLATE;9841;29;9839;41;;;9849;5;9858;29;9860;41;9845.0;0.0
4;39800;SNACKPACK_CHOCOLATE;9841;23;9839;45;;;9857;23;9859;45;;;9849.0;0.0
4;39900;SNACKPACK_CHOCOLATE;9844;28;9842;43;;;9861;28;9863;43;;;9852.5;0.0
4;40000;SNACKPACK_CHOCOLATE;9833;23;9831;51;;;9850;23;9852;51;;;9841.5;0.0
4;40100;SNACKPACK_CHOCOLATE;9843;25;9841;50;;;9859;25;9861;50;;;9851.0;0.0
4;40200;SNACKPACK_CHOCOLATE;9841;39;9839;41;;;9857;39;9859;41;;;9849.0;0.0
4;40300;SNACKPACK_CHOCOLATE;9835;26;9833;60;;;9852;26;9854;60;;;9843.5;0.0
4;40400;SNACKPACK_CHOCOLATE;9844;38;9842;58;;;9860;38;9862;58;;;9852.0;0.0
4;40500;SNACKPACK_CHOCOLATE;9838;27;9836;60;;;9855;27;9857;60;;;9846.5;0.0
4;40600;SNACKPACK_CHOCOLATE;9829;31;9827;41;;;9846;31;9848;41;;;9837.5;0.0
4;40700;SNACKPACK_CHOCOLATE;9836;36;9834;50;;;9853;36;9855;50;;;9844.5;0.0
4;40800;SNACKPACK_CHOCOLATE;9837;25;9835;58;;;9853;25;9855;58;;;9845.0;0.0
4;40900;SNACKPACK_CHOCOLATE;9824;27;9823;40;;;9841;27;9843;40;;;9832.5;0.0
4;41000;SNACKPACK_CHOCOLATE;9826;30;9824;47;;;9843;30;9844;47;;;9834.5;0.0
4;41100;SNACKPACK_CHOCOLATE;9829;29;9827;45;;;9845;29;9847;45;;;9837.0;0.0
4;41200;SNACKPACK_CHOCOLATE;9829;20;9827;47;;;9846;20;9848;47;;;9837.5;0.0
4;41300;SNACKPACK_CHOCOLATE;9823;39;9821;43;;;9839;39;9841;43;;;9831.0;0.0
4;41400;SNACKPACK_CHOCOLATE;9826;36;9824;48;;;9842;36;9844;48;;;9834.0;0.0
4;41500;SNACKPACK_CHOCOLATE;9824;23;9823;55;;;9841;23;9843;55;;;9832.5;0.0
4;41600;SNACKPACK_CHOCOLATE;9833;28;9831;58;;;9849;28;9851;58;;;9841.0;0.0
4;41700;SNACKPACK_CHOCOLATE;9826;28;9824;60;;;9843;28;9845;60;;;9834.5;0.0
4;41800;SNACKPACK_CHOCOLATE;9827;36;9825;52;;;9844;36;9846;52;;;9835.5;0.0
4;41900;SNACKPACK_CHOCOLATE;9823;40;9821;43;;;9840;40;9842;43;;;9831.5;0.0
4;42000;SNACKPACK_CHOCOLATE;9810;23;9808;46;;;9827;23;9829;46;;;9818.5;0.0
4;42100;SNACKPACK_CHOCOLATE;9822;3;9814;37;9812;41;9831;37;9833;41;;;9826.5;0.0
4;42200;SNACKPACK_CHOCOLATE;9825;29;9823;48;;;9842;29;9844;48;;;9833.5;0.0
4;42300;SNACKPACK_CHOCOLATE;9824;32;9822;57;;;9841;32;9843;57;;;9832.5;0.0
4;42400;SNACKPACK_CHOCOLATE;9820;34;9819;41;;;9837;34;9839;41;;;9828.5;0.0
4;42500;SNACKPACK_CHOCOLATE;9814;22;9812;54;;;9831;22;9833;54;;;9822.5;0.0
4;42600;SNACKPACK_CHOCOLATE;9806;37;9804;46;;;9823;37;9825;46;;;9814.5;0.0
4;42700;SNACKPACK_CHOCOLATE;9807;32;9805;52;;;9824;32;9826;52;;;9815.5;0.0
4;42800;SNACKPACK_CHOCOLATE;9807;25;9805;45;;;9824;25;9826;45;;;9815.5;0.0
4;42900;SNACKPACK_CHOCOLATE;9803;24;9801;48;;;9820;24;9821;48;;;9811.5;0.0
4;43000;SNACKPACK_CHOCOLATE;9803;34;9801;43;;;9820;34;9822;43;;;9811.5;0.0
4;43100;SNACKPACK_CHOCOLATE;9804;21;9802;57;;;9821;21;9823;57;;;9812.5;0.0
4;43200;SNACKPACK_CHOCOLATE;9813;38;9811;51;;;9830;38;9832;51;;;9821.5;0.0
4;43300;SNACKPACK_CHOCOLATE;9807;39;9805;51;;;9823;39;9825;51;;;9815.0;0.0
4;43400;SNACKPACK_CHOCOLATE;9803;37;9801;56;;;9819;37;9821;56;;;9811.0;0.0
4;43500;SNACKPACK_CHOCOLATE;9806;35;9804;41;;;9822;35;9824;41;;;9814.0;0.0
4;43600;SNACKPACK_CHOCOLATE;9803;31;9802;51;;;9820;31;9822;51;;;9811.5;0.0
4;43700;SNACKPACK_CHOCOLATE;9800;37;9798;49;;;9816;37;9818;49;;;9808.0;0.0
4;43800;SNACKPACK_CHOCOLATE;9782;23;9780;43;;;9798;23;9800;43;;;9790.0;0.0
4;43900;SNACKPACK_CHOCOLATE;9791;25;9789;58;;;9808;25;9810;58;;;9799.5;0.0
4;44000;SNACKPACK_CHOCOLATE;9791;25;9790;42;;;9808;25;9810;42;;;9799.5;0.0
4;44100;SNACKPACK_CHOCOLATE;9792;35;9790;58;;;9808;35;9810;58;;;9800.0;0.0
4;44200;SNACKPACK_CHOCOLATE;9804;40;9802;40;;;9820;40;9822;40;;;9812.0;0.0
4;44300;SNACKPACK_CHOCOLATE;9798;37;9796;58;;;9815;37;9817;58;;;9806.5;0.0
4;44400;SNACKPACK_CHOCOLATE;9804;25;9802;40;;;9821;25;9823;40;;;9812.5;0.0
4;44500;SNACKPACK_CHOCOLATE;9802;20;9800;55;;;9819;20;9821;55;;;9810.5;0.0
4;44600;SNACKPACK_CHOCOLATE;9799;40;9797;59;;;9807;4;9816;40;9818;59;9803.0;0.0
4;44700;SNACKPACK_CHOCOLATE;9801;30;9799;59;;;9817;30;9819;59;;;9809.0;0.0
4;44800;SNACKPACK_CHOCOLATE;9801;38;9799;48;;;9818;38;9820;48;;;9809.5;0.0
4;44900;SNACKPACK_CHOCOLATE;9800;22;9798;47;;;9816;22;9818;47;;;9808.0;0.0
4;45000;SNACKPACK_CHOCOLATE;9798;20;9796;54;;;9815;20;9817;54;;;9806.5;0.0
4;45100;SNACKPACK_CHOCOLATE;9794;28;9792;48;;;9810;28;9812;48;;;9802.0;0.0
4;45200;SNACKPACK_CHOCOLATE;9795;33;9793;48;;;9812;33;9814;48;;;9803.5;0.0
4;45300;SNACKPACK_CHOCOLATE;9803;28;9801;45;;;9819;28;9821;45;;;9811.0;0.0
4;45400;SNACKPACK_CHOCOLATE;9805;37;9803;52;;;9822;37;9824;52;;;9813.5;0.0
4;45500;SNACKPACK_CHOCOLATE;9821;34;9819;49;;;9838;34;9840;49;;;9829.5;0.0
4;45600;SNACKPACK_CHOCOLATE;9825;27;9823;50;;;9842;27;9844;50;;;9833.5;0.0
4;45700;SNACKPACK_CHOCOLATE;9821;2;9813;38;9811;52;9830;38;9832;52;;;9825.5;0.0
4;45800;SNACKPACK_CHOCOLATE;9807;39;9805;46;;;9815;4;9824;39;9826;46;9811.0;0.0
4;45900;SNACKPACK_CHOCOLATE;9820;40;9818;60;;;9837;40;9839;60;;;9828.5;0.0
4;46000;SNACKPACK_CHOCOLATE;9824;32;9822;53;;;9841;32;9843;53;;;9832.5;0.0
4;46100;SNACKPACK_CHOCOLATE;9818;36;9816;55;;;9835;36;9837;55;;;9826.5;0.0
4;46200;SNACKPACK_CHOCOLATE;9822;25;9820;49;;;9839;25;9841;49;;;9830.5;0.0
4;46300;SNACKPACK_CHOCOLATE;9822;28;9820;41;;;9839;28;9841;41;;;9830.5;0.0
4;46400;SNACKPACK_CHOCOLATE;9816;38;9814;57;;;9833;38;9835;57;;;9824.5;0.0
4;46500;SNACKPACK_CHOCOLATE;9810;36;9808;59;;;9827;36;9829;59;;;9818.5;0.0
4;46600;SNACKPACK_CHOCOLATE;9804;40;9802;50;;;9821;40;9823;50;;;9812.5;0.0
4;46700;SNACKPACK_CHOCOLATE;9811;21;9809;41;;;9828;21;9830;41;;;9819.5;0.0
4;46800;SNACKPACK_CHOCOLATE;9817;33;9815;60;;;9834;33;9836;60;;;9825.5;0.0
4;46900;SNACKPACK_CHOCOLATE;9820;32;9818;53;;;9837;32;9839;53;;;9828.5;0.0
4;47000;SNACKPACK_CHOCOLATE;9819;35;9817;54;;;9836;35;9838;54;;;9827.5;0.0
4;47100;SNACKPACK_CHOCOLATE;9809;37;9807;41;;;9826;37;9828;41;;;9817.5;0.0
4;47200;SNACKPACK_CHOCOLATE;9810;38;9808;53;;;9826;38;9828;53;;;9818.0;0.0
4;47300;SNACKPACK_CHOCOLATE;9802;24;9800;53;;;9819;24;9821;53;;;9810.5;0.0
4;47400;SNACKPACK_CHOCOLATE;9810;33;9808;57;;;9827;33;9829;57;;;9818.5;0.0
4;47500;SNACKPACK_CHOCOLATE;9812;20;9810;51;;;9828;20;9830;51;;;9820.0;0.0
4;47600;SNACKPACK_CHOCOLATE;9807;21;9805;56;;;9824;21;9825;56;;;9815.5;0.0
4;47700;SNACKPACK_CHOCOLATE;9800;31;9798;43;;;9817;31;9819;43;;;9808.5;0.0
4;47800;SNACKPACK_CHOCOLATE;9809;39;9807;51;;;9826;39;9828;51;;;9817.5;0.0
4;47900;SNACKPACK_CHOCOLATE;9810;22;9808;45;;;9827;22;9829;45;;;9818.5;0.0
4;48000;SNACKPACK_CHOCOLATE;9803;32;9801;53;;;9820;32;9822;53;;;9811.5;0.0
4;48100;SNACKPACK_CHOCOLATE;9799;27;9797;40;;;9815;27;9817;40;;;9807.0;0.0
4;48200;SNACKPACK_CHOCOLATE;9792;29;9790;47;;;9809;29;9811;47;;;9800.5;0.0
4;48300;SNACKPACK_CHOCOLATE;9778;28;9776;50;;;9795;28;9797;50;;;9786.5;0.0
4;48400;SNACKPACK_CHOCOLATE;9778;35;9776;41;;;9795;35;9797;41;;;9786.5;0.0
4;48500;SNACKPACK_CHOCOLATE;9773;37;9771;60;;;9789;37;9791;60;;;9781.0;0.0
4;48600;SNACKPACK_CHOCOLATE;9775;20;9773;51;;;9791;20;9793;51;;;9783.0;0.0
4;48700;SNACKPACK_CHOCOLATE;9763;25;9761;48;;;9779;25;9781;48;;;9771.0;0.0
4;48800;SNACKPACK_CHOCOLATE;9766;23;9764;44;;;9783;23;9785;44;;;9774.5;0.0
4;48900;SNACKPACK_CHOCOLATE;9763;28;9761;44;;;9780;28;9782;44;;;9771.5;0.0
4;49000;SNACKPACK_CHOCOLATE;9760;40;9758;57;;;9777;40;9779;57;;;9768.5;0.0
4;49100;SNACKPACK_CHOCOLATE;9755;36;9753;43;;;9772;36;9774;43;;;9763.5;0.0
4;49200;SNACKPACK_CHOCOLATE;9754;24;9752;53;;;9771;24;9773;53;;;9762.5;0.0
4;49300;SNACKPACK_CHOCOLATE;9752;29;9750;56;;;9768;29;9770;56;;;9760.0;0.0
4;49400;SNACKPACK_CHOCOLATE;9755;23;9753;60;;;9771;23;9773;60;;;9763.0;0.0
4;49500;SNACKPACK_CHOCOLATE;9747;39;9745;58;;;9764;39;9766;58;;;9755.5;0.0
4;49600;SNACKPACK_CHOCOLATE;9762;29;9760;53;;;9778;29;9780;53;;;9770.0;0.0
4;49700;SNACKPACK_CHOCOLATE;9760;36;9758;58;;;9776;36;9778;58;;;9768.0;0.0
4;49800;SNACKPACK_CHOCOLATE;9759;26;9757;41;;;9776;26;9778;41;;;9767.5;0.0
4;49900;SNACKPACK_CHOCOLATE;9757;40;9755;47;;;9774;40;9776;47;;;9765.5;0.0
4;50000;SNACKPACK_CHOCOLATE;9768;38;9766;46;;;9785;38;9786;46;;;9776.5;0.0
4;50100;SNACKPACK_CHOCOLATE;9770;40;9768;55;;;9786;40;9788;55;;;9778.0;0.0
4;50200;SNACKPACK_CHOCOLATE;9768;35;9766;55;;;9785;35;9787;55;;;9776.5;0.0
4;50300;SNACKPACK_CHOCOLATE;9771;40;9769;60;;;9787;40;9789;60;;;9779.0;0.0
4;50400;SNACKPACK_CHOCOLATE;9762;32;9760;53;;;9779;32;9781;53;;;9770.5;0.0
4;50500;SNACKPACK_CHOCOLATE;9767;25;9766;41;;;9784;25;9786;41;;;9775.5;0.0
4;50600;SNACKPACK_CHOCOLATE;9756;22;9754;55;;;9772;22;9774;55;;;9764.0;0.0
4;50700;SNACKPACK_CHOCOLATE;9747;20;9745;51;;;9763;20;9765;51;;;9755.0;0.0
4;50800;SNACKPACK_CHOCOLATE;9750;29;9748;46;;;9767;29;9769;46;;;9758.5;0.0
4;50900;SNACKPACK_CHOCOLATE;9739;25;9737;48;;;9756;25;9758;48;;;9747.5;0.0
4;51000;SNACKPACK_CHOCOLATE;9741;26;9739;50;;;9758;26;9760;50;;;9749.5;0.0
4;51100;SNACKPACK_CHOCOLATE;9742;39;9740;51;;;9759;39;9761;51;;;9750.5;0.0
4;51200;SNACKPACK_CHOCOLATE;9740;25;9738;44;;;9756;25;9758;44;;;9748.0;0.0
4;51300;SNACKPACK_CHOCOLATE;9735;35;9733;55;;;9752;35;9754;55;;;9743.5;0.0
4;51400;SNACKPACK_CHOCOLATE;9730;29;9728;51;;;9746;29;9748;51;;;9738.0;0.0
4;51500;SNACKPACK_CHOCOLATE;9730;20;9728;47;;;9747;20;9749;47;;;9738.5;0.0
4;51600;SNACKPACK_CHOCOLATE;9717;37;9715;54;;;9734;37;9736;54;;;9725.5;0.0
4;51700;SNACKPACK_CHOCOLATE;9716;27;9714;46;;;9732;27;9734;46;;;9724.0;0.0
4;51800;SNACKPACK_CHOCOLATE;9718;38;9716;41;;;9734;38;9736;41;;;9726.0;0.0
4;51900;SNACKPACK_CHOCOLATE;9718;22;9716;57;;;9734;22;9736;57;;;9726.0;0.0
4;52000;SNACKPACK_CHOCOLATE;9718;26;9716;53;;;9735;26;9736;53;;;9726.5;0.0
4;52100;SNACKPACK_CHOCOLATE;9714;35;9712;59;;;9731;35;9733;59;;;9722.5;0.0
4;52200;SNACKPACK_CHOCOLATE;9716;27;9714;40;;;9733;27;9735;40;;;9724.5;0.0
4;52300;SNACKPACK_CHOCOLATE;9714;39;9712;59;;;9730;39;9732;59;;;9722.0;0.0
4;52400;SNACKPACK_CHOCOLATE;9721;24;9720;49;;;9738;24;9740;49;;;9729.5;0.0
4;52500;SNACKPACK_CHOCOLATE;9700;30;9698;55;;;9717;30;9719;55;;;9708.5;0.0
4;52600;SNACKPACK_CHOCOLATE;9709;22;9707;52;;;9725;22;9727;52;;;9717.0;0.0
4;52700;SNACKPACK_CHOCOLATE;9690;25;9688;59;;;9707;25;9709;59;;;9698.5;0.0
4;52800;SNACKPACK_CHOCOLATE;9704;5;9697;21;9695;51;9713;21;9715;51;;;9708.5;0.0
4;52900;SNACKPACK_CHOCOLATE;9689;30;9687;58;;;9706;30;9708;58;;;9697.5;0.0
4;53000;SNACKPACK_CHOCOLATE;9679;25;9677;58;;;9695;25;9697;58;;;9687.0;0.0
4;53100;SNACKPACK_CHOCOLATE;9681;32;9679;49;;;9697;32;9699;49;;;9689.0;0.0
4;53200;SNACKPACK_CHOCOLATE;9680;27;9678;55;;;9697;27;9699;55;;;9688.5;0.0
4;53300;SNACKPACK_CHOCOLATE;9678;31;9676;53;;;9694;31;9696;53;;;9686.0;0.0
4;53400;SNACKPACK_CHOCOLATE;9682;23;9681;48;;;9699;23;9701;48;;;9690.5;0.0
4;53500;SNACKPACK_CHOCOLATE;9688;26;9686;56;;;9705;26;9707;56;;;9696.5;0.0
4;53600;SNACKPACK_CHOCOLATE;9682;34;9680;49;;;9699;34;9701;49;;;9690.5;0.0
4;53700;SNACKPACK_CHOCOLATE;9682;22;9680;43;;;9699;22;9701;43;;;9690.5;0.0
4;53800;SNACKPACK_CHOCOLATE;9676;21;9674;54;;;9692;21;9694;54;;;9684.0;0.0
4;53900;SNACKPACK_CHOCOLATE;9679;20;9677;40;;;9695;20;9697;40;;;9687.0;0.0
4;54000;SNACKPACK_CHOCOLATE;9678;37;9676;41;;;9694;37;9696;41;;;9686.0;0.0
4;54100;SNACKPACK_CHOCOLATE;9678;36;9676;59;;;9694;36;9696;59;;;9686.0;0.0
4;54200;SNACKPACK_CHOCOLATE;9672;38;9670;57;;;9689;38;9691;57;;;9680.5;0.0
4;54300;SNACKPACK_CHOCOLATE;9677;36;9675;58;;;9693;36;9695;58;;;9685.0;0.0
4;54400;SNACKPACK_CHOCOLATE;9676;21;9674;53;;;9692;21;9694;53;;;9684.0;0.0
4;54500;SNACKPACK_CHOCOLATE;9675;29;9673;42;;;9692;29;9694;42;;;9683.5;0.0
4;54600;SNACKPACK_CHOCOLATE;9671;31;9669;45;;;9687;31;9689;45;;;9679.0;0.0
4;54700;SNACKPACK_CHOCOLATE;9670;23;9668;48;;;9686;23;9688;48;;;9678.0;0.0
4;54800;SNACKPACK_CHOCOLATE;9676;33;9675;58;;;9693;33;9695;58;;;9684.5;0.0
4;54900;SNACKPACK_CHOCOLATE;9678;32;9676;60;;;9695;32;9697;60;;;9686.5;0.0
4;55000;SNACKPACK_CHOCOLATE;9695;32;9693;53;;;9712;32;9714;53;;;9703.5;0.0
4;55100;SNACKPACK_CHOCOLATE;9693;29;9691;51;;;9710;29;9712;51;;;9701.5;0.0
4;55200;SNACKPACK_CHOCOLATE;9693;30;9691;44;;;9710;30;9711;44;;;9701.5;0.0
4;55300;SNACKPACK_CHOCOLATE;9697;22;9695;60;;;9714;22;9716;60;;;9705.5;0.0
4;55400;SNACKPACK_CHOCOLATE;9694;28;9692;47;;;9711;28;9713;47;;;9702.5;0.0
4;55500;SNACKPACK_CHOCOLATE;9688;27;9686;43;;;9705;27;9707;43;;;9696.5;0.0
4;55600;SNACKPACK_CHOCOLATE;9690;27;9688;55;;;9706;27;9708;55;;;9698.0;0.0
4;55700;SNACKPACK_CHOCOLATE;9680;24;9678;58;;;9697;24;9699;58;;;9688.5;0.0
4;55800;SNACKPACK_CHOCOLATE;9681;31;9679;50;;;9689;5;9697;31;9699;50;9685.0;0.0
4;55900;SNACKPACK_CHOCOLATE;9679;27;9677;44;;;9696;27;9698;44;;;9687.5;0.0
4;56000;SNACKPACK_CHOCOLATE;9675;35;9673;58;;;9692;35;9694;58;;;9683.5;0.0
4;56100;SNACKPACK_CHOCOLATE;9678;37;9676;55;;;9695;37;9697;55;;;9686.5;0.0
4;56200;SNACKPACK_CHOCOLATE;9677;33;9675;49;;;9694;33;9696;49;;;9685.5;0.0
4;56300;SNACKPACK_CHOCOLATE;9684;23;9683;46;;;9701;23;9703;46;;;9692.5;0.0
4;56400;SNACKPACK_CHOCOLATE;9683;31;9681;45;;;9699;31;9701;45;;;9691.0;0.0
4;56500;SNACKPACK_CHOCOLATE;9682;37;9680;41;;;9699;37;9701;41;;;9690.5;0.0
4;56600;SNACKPACK_CHOCOLATE;9686;37;9684;55;;;9702;37;9704;55;;;9694.0;0.0
4;56700;SNACKPACK_CHOCOLATE;9682;34;9680;50;;;9698;34;9700;50;;;9690.0;0.0
4;56800;SNACKPACK_CHOCOLATE;9669;37;9667;46;;;9686;37;9688;46;;;9677.5;0.0
4;56900;SNACKPACK_CHOCOLATE;9669;38;9667;53;;;9685;38;9687;53;;;9677.0;0.0
4;57000;SNACKPACK_CHOCOLATE;9667;30;9665;55;;;9684;30;9686;55;;;9675.5;0.0
4;57100;SNACKPACK_CHOCOLATE;9663;37;9661;41;;;9679;37;9681;41;;;9671.0;0.0
4;57200;SNACKPACK_CHOCOLATE;9664;20;9662;47;;;9681;20;9683;47;;;9672.5;0.0
4;57300;SNACKPACK_CHOCOLATE;9668;33;9666;57;;;9684;33;9686;57;;;9676.0;0.0
4;57400;SNACKPACK_CHOCOLATE;9661;32;9659;45;;;9677;32;9679;45;;;9669.0;0.0
4;57500;SNACKPACK_CHOCOLATE;9664;40;9662;58;;;9681;40;9682;58;;;9672.5;0.0
4;57600;SNACKPACK_CHOCOLATE;9658;24;9656;47;;;9674;24;9676;47;;;9666.0;0.0
4;57700;SNACKPACK_CHOCOLATE;9661;30;9660;43;;;9678;30;9680;43;;;9669.5;0.0
4;57800;SNACKPACK_CHOCOLATE;9663;40;9661;47;;;9680;40;9682;47;;;9671.5;0.0
4;57900;SNACKPACK_CHOCOLATE;9657;28;9655;44;;;9674;28;9676;44;;;9665.5;0.0
4;58000;SNACKPACK_CHOCOLATE;9656;24;9654;43;;;9672;24;9674;43;;;9664.0;0.0
4;58100;SNACKPACK_CHOCOLATE;9653;32;9651;52;;;9670;32;9672;52;;;9661.5;0.0
4;58200;SNACKPACK_CHOCOLATE;9650;23;9648;49;;;9666;23;9668;49;;;9658.0;0.0
4;58300;SNACKPACK_CHOCOLATE;9650;20;9648;54;;;9667;20;9669;54;;;9658.5;0.0
4;58400;SNACKPACK_CHOCOLATE;9652;38;9650;45;;;9668;38;9670;45;;;9660.0;0.0
4;58500;SNACKPACK_CHOCOLATE;9657;21;9655;52;;;9674;21;9675;52;;;9665.5;0.0
4;58600;SNACKPACK_CHOCOLATE;9652;36;9650;58;;;9669;36;9671;58;;;9660.5;0.0
4;58700;SNACKPACK_CHOCOLATE;9652;33;9650;40;;;9668;33;9670;40;;;9660.0;0.0
4;58800;SNACKPACK_CHOCOLATE;9658;34;9656;52;;;9675;34;9676;52;;;9666.5;0.0
4;58900;SNACKPACK_CHOCOLATE;9659;34;9657;54;;;9675;34;9677;54;;;9667.0;0.0
4;59000;SNACKPACK_CHOCOLATE;9644;34;9642;54;;;9660;34;9662;54;;;9652.0;0.0
4;59100;SNACKPACK_CHOCOLATE;9653;24;9651;44;;;9669;24;9671;44;;;9661.0;0.0
4;59200;SNACKPACK_CHOCOLATE;9656;33;9654;42;;;9673;33;9675;42;;;9664.5;0.0
4;59300;SNACKPACK_CHOCOLATE;9659;24;9657;43;;;9675;24;9677;43;;;9667.0;0.0
4;59400;SNACKPACK_CHOCOLATE;9661;22;9659;54;;;9678;22;9679;54;;;9669.5;0.0
4;59500;SNACKPACK_CHOCOLATE;9652;35;9650;50;;;9668;35;9670;50;;;9660.0;0.0
4;59600;SNACKPACK_CHOCOLATE;9651;32;9649;55;;;9667;32;9669;55;;;9659.0;0.0
4;59700;SNACKPACK_CHOCOLATE;9654;36;9652;51;;;9671;36;9673;51;;;9662.5;0.0
4;59800;SNACKPACK_CHOCOLATE;9655;25;9653;48;;;9662;5;9671;25;9673;48;9658.5;0.0
4;59900;SNACKPACK_CHOCOLATE;9663;3;9655;24;9653;50;9671;24;9673;50;;;9667.0;0.0
4;60000;SNACKPACK_CHOCOLATE;9655;32;9653;43;;;9671;32;9673;43;;;9663.0;0.0
4;60100;SNACKPACK_CHOCOLATE;9661;29;9659;57;;;9678;29;9679;57;;;9669.5;0.0
4;60200;SNACKPACK_CHOCOLATE;9652;26;9650;55;;;9668;26;9670;55;;;9660.0;0.0
4;60300;SNACKPACK_CHOCOLATE;9643;31;9642;55;;;9660;31;9662;55;;;9651.5;0.0
4;60400;SNACKPACK_CHOCOLATE;9645;40;9643;41;;;9661;40;9663;41;;;9653.0;0.0
4;60500;SNACKPACK_CHOCOLATE;9650;36;9649;56;;;9667;36;9669;56;;;9658.5;0.0
4;60600;SNACKPACK_CHOCOLATE;9654;35;9652;60;;;9670;35;9672;60;;;9662.0;0.0
4;60700;SNACKPACK_CHOCOLATE;9651;26;9650;48;;;9668;26;9670;48;;;9659.5;0.0
4;60800;SNACKPACK_CHOCOLATE;9648;27;9646;43;;;9664;27;9666;43;;;9656.0;0.0
4;60900;SNACKPACK_CHOCOLATE;9659;21;9657;49;;;9675;21;9677;49;;;9667.0;0.0
4;61000;SNACKPACK_CHOCOLATE;9664;26;9662;58;;;9680;26;9682;58;;;9672.0;0.0
4;61100;SNACKPACK_CHOCOLATE;9674;31;9672;52;;;9690;31;9692;52;;;9682.0;0.0
4;61200;SNACKPACK_CHOCOLATE;9669;37;9667;59;;;9686;37;9688;59;;;9677.5;0.0
4;61300;SNACKPACK_CHOCOLATE;9668;26;9666;57;;;9684;26;9686;57;;;9676.0;0.0
4;61400;SNACKPACK_CHOCOLATE;9666;22;9664;49;;;9682;22;9684;49;;;9674.0;0.0
4;61500;SNACKPACK_CHOCOLATE;9670;36;9668;41;;;9687;36;9689;41;;;9678.5;0.0
4;61600;SNACKPACK_CHOCOLATE;9659;24;9657;52;;;9676;24;9678;52;;;9667.5;0.0
4;61700;SNACKPACK_CHOCOLATE;9662;21;9660;40;;;9678;21;9680;40;;;9670.0;0.0
4;61800;SNACKPACK_CHOCOLATE;9671;35;9669;45;;;9687;35;9689;45;;;9679.0;0.0
4;61900;SNACKPACK_CHOCOLATE;9668;24;9666;58;;;9684;24;9686;58;;;9676.0;0.0
4;62000;SNACKPACK_CHOCOLATE;9672;29;9670;51;;;9689;29;9691;51;;;9680.5;0.0
4;62100;SNACKPACK_CHOCOLATE;9666;35;9664;48;;;9683;35;9685;48;;;9674.5;0.0
4;62200;SNACKPACK_CHOCOLATE;9670;31;9668;59;;;9686;31;9688;59;;;9678.0;0.0
4;62300;SNACKPACK_CHOCOLATE;9673;33;9671;55;;;9689;33;9691;55;;;9681.0;0.0
4;62400;SNACKPACK_CHOCOLATE;9678;25;9676;43;;;9695;25;9697;43;;;9686.5;0.0
4;62500;SNACKPACK_CHOCOLATE;9682;25;9680;40;;;9699;25;9701;40;;;9690.5;0.0
4;62600;SNACKPACK_CHOCOLATE;9687;27;9685;55;;;9704;27;9706;55;;;9695.5;0.0
4;62700;SNACKPACK_CHOCOLATE;9687;40;9685;45;;;9703;40;9705;45;;;9695.0;0.0
4;62800;SNACKPACK_CHOCOLATE;9682;38;9680;47;;;9698;38;9700;47;;;9690.0;0.0
4;62900;SNACKPACK_CHOCOLATE;9675;32;9673;48;;;9691;32;9693;48;;;9683.0;0.0
4;63000;SNACKPACK_CHOCOLATE;9680;27;9679;46;;;9697;27;9699;46;;;9688.5;0.0
4;63100;SNACKPACK_CHOCOLATE;9682;23;9680;57;;;9698;23;9700;57;;;9690.0;0.0
4;63200;SNACKPACK_CHOCOLATE;9680;30;9678;56;;;9697;30;9699;56;;;9688.5;0.0
4;63300;SNACKPACK_CHOCOLATE;9672;32;9670;43;;;9689;32;9690;43;;;9680.5;0.0
4;63400;SNACKPACK_CHOCOLATE;9677;40;9675;48;;;9694;40;9696;48;;;9685.5;0.0
4;63500;SNACKPACK_CHOCOLATE;9680;30;9678;48;;;9697;30;9698;48;;;9688.5;0.0
4;63600;SNACKPACK_CHOCOLATE;9671;21;9669;56;;;9687;21;9689;56;;;9679.0;0.0
4;63700;SNACKPACK_CHOCOLATE;9662;21;9661;41;;;9679;21;9681;41;;;9670.5;0.0
4;63800;SNACKPACK_CHOCOLATE;9664;21;9662;44;;;9681;21;9683;44;;;9672.5;0.0
4;63900;SNACKPACK_CHOCOLATE;9660;21;9658;49;;;9676;21;9678;49;;;9668.0;0.0
4;64000;SNACKPACK_CHOCOLATE;9662;37;9660;55;;;9679;37;9681;55;;;9670.5;0.0
4;64100;SNACKPACK_CHOCOLATE;9662;36;9660;49;;;9679;36;9681;49;;;9670.5;0.0
4;64200;SNACKPACK_CHOCOLATE;9660;25;9658;48;;;9677;25;9678;48;;;9668.5;0.0
4;64300;SNACKPACK_CHOCOLATE;9667;35;9665;55;;;9683;35;9685;55;;;9675.0;0.0
4;64400;SNACKPACK_CHOCOLATE;9671;21;9669;60;;;9688;21;9690;60;;;9679.5;0.0
4;64500;SNACKPACK_CHOCOLATE;9671;36;9669;45;;;9687;36;9689;45;;;9679.0;0.0
4;64600;SNACKPACK_CHOCOLATE;9665;26;9663;56;;;9681;26;9683;56;;;9673.0;0.0
4;64700;SNACKPACK_CHOCOLATE;9670;23;9668;54;;;9686;23;9688;54;;;9678.0;0.0
4;64800;SNACKPACK_CHOCOLATE;9678;29;9676;57;;;9694;29;9696;57;;;9686.0;0.0
4;64900;SNACKPACK_CHOCOLATE;9677;21;9675;54;;;9694;21;9696;54;;;9685.5;0.0
4;65000;SNACKPACK_CHOCOLATE;9675;38;9673;49;;;9692;38;9693;49;;;9683.5;0.0
4;65100;SNACKPACK_CHOCOLATE;9684;33;9683;45;;;9701;33;9703;45;;;9692.5;0.0
4;65200;SNACKPACK_CHOCOLATE;9688;37;9686;57;;;9705;37;9707;57;;;9696.5;0.0
4;65300;SNACKPACK_CHOCOLATE;9691;40;9689;52;;;9708;40;9710;52;;;9699.5;0.0
4;65400;SNACKPACK_CHOCOLATE;9688;24;9686;60;;;9705;24;9707;60;;;9696.5;0.0
4;65500;SNACKPACK_CHOCOLATE;9687;24;9685;42;;;9703;24;9705;42;;;9695.0;0.0
4;65600;SNACKPACK_CHOCOLATE;9689;26;9687;56;;;9706;26;9708;56;;;9697.5;0.0
4;65700;SNACKPACK_CHOCOLATE;9700;6;9692;35;9691;49;9709;35;9711;49;;;9704.5;0.0
4;65800;SNACKPACK_CHOCOLATE;9689;36;9687;42;;;9705;36;9707;42;;;9697.0;0.0
4;65900;SNACKPACK_CHOCOLATE;9679;36;9677;44;;;9695;36;9697;44;;;9687.0;0.0
4;66000;SNACKPACK_CHOCOLATE;9689;29;9687;56;;;9705;29;9707;56;;;9697.0;0.0
4;66100;SNACKPACK_CHOCOLATE;9688;35;9686;40;;;9704;35;9706;40;;;9696.0;0.0
4;66200;SNACKPACK_CHOCOLATE;9696;36;9694;48;;;9713;36;9715;48;;;9704.5;0.0
4;66300;SNACKPACK_CHOCOLATE;9698;36;9696;51;;;9705;2;9714;36;9716;51;9701.5;0.0
4;66400;SNACKPACK_CHOCOLATE;9693;39;9691;59;;;9710;39;9712;59;;;9701.5;0.0
4;66500;SNACKPACK_CHOCOLATE;9695;31;9693;40;;;9712;31;9713;40;;;9703.5;0.0
4;66600;SNACKPACK_CHOCOLATE;9700;23;9698;46;;;9716;23;9718;46;;;9708.0;0.0
4;66700;SNACKPACK_CHOCOLATE;9701;40;9699;59;;;9718;40;9720;59;;;9709.5;0.0
4;66800;SNACKPACK_CHOCOLATE;9708;37;9706;43;;;9725;37;9727;43;;;9716.5;0.0
4;66900;SNACKPACK_CHOCOLATE;9704;21;9702;49;;;9721;21;9723;49;;;9712.5;0.0
4;67000;SNACKPACK_CHOCOLATE;9707;29;9705;56;;;9723;29;9725;56;;;9715.0;0.0
4;67100;SNACKPACK_CHOCOLATE;9696;20;9694;42;;;9712;20;9714;42;;;9704.0;0.0
4;67200;SNACKPACK_CHOCOLATE;9691;22;9689;48;;;9707;22;9709;48;;;9699.0;0.0
4;67300;SNACKPACK_CHOCOLATE;9694;34;9692;55;;;9711;34;9713;55;;;9702.5;0.0
4;67400;SNACKPACK_CHOCOLATE;9701;31;9699;45;;;9718;31;9720;45;;;9709.5;0.0
4;67500;SNACKPACK_CHOCOLATE;9699;34;9697;55;;;9707;5;9715;34;9717;55;9703.0;0.0
4;67600;SNACKPACK_CHOCOLATE;9704;34;9702;46;;;9721;34;9723;46;;;9712.5;0.0
4;67700;SNACKPACK_CHOCOLATE;9702;33;9700;45;;;9718;33;9720;45;;;9710.0;0.0
4;67800;SNACKPACK_CHOCOLATE;9715;36;9713;60;;;9732;36;9733;60;;;9723.5;0.0
4;67900;SNACKPACK_CHOCOLATE;9702;25;9700;44;;;9719;25;9721;44;;;9710.5;0.0
4;68000;SNACKPACK_CHOCOLATE;9699;30;9697;49;;;9715;30;9717;49;;;9707.0;0.0
4;68100;SNACKPACK_CHOCOLATE;9714;35;9712;41;;;9731;35;9732;41;;;9722.5;0.0
4;68200;SNACKPACK_CHOCOLATE;9716;29;9714;46;;;9733;29;9735;46;;;9724.5;0.0
4;68300;SNACKPACK_CHOCOLATE;9724;40;9722;58;;;9741;40;9743;58;;;9732.5;0.0
4;68400;SNACKPACK_CHOCOLATE;9725;24;9723;58;;;9741;24;9743;58;;;9733.0;0.0
4;68500;SNACKPACK_CHOCOLATE;9717;30;9715;50;;;9734;30;9735;50;;;9725.5;0.0
4;68600;SNACKPACK_CHOCOLATE;9718;34;9716;56;;;9735;34;9737;56;;;9726.5;0.0
4;68700;SNACKPACK_CHOCOLATE;9718;38;9716;50;;;9734;38;9736;50;;;9726.0;0.0
4;68800;SNACKPACK_CHOCOLATE;9729;21;9727;45;;;9745;21;9747;45;;;9737.0;0.0
4;68900;SNACKPACK_CHOCOLATE;9729;22;9727;40;;;9745;22;9747;40;;;9737.0;0.0
4;69000;SNACKPACK_CHOCOLATE;9733;39;9732;42;;;9750;39;9752;42;;;9741.5;0.0
4;69100;SNACKPACK_CHOCOLATE;9741;29;9739;55;;;9757;29;9759;55;;;9749.0;0.0
4;69200;SNACKPACK_CHOCOLATE;9743;32;9741;49;;;9760;32;9762;49;;;9751.5;0.0
4;69300;SNACKPACK_CHOCOLATE;9746;33;9745;42;;;9763;33;9765;42;;;9754.5;0.0
4;69400;SNACKPACK_CHOCOLATE;9743;29;9741;44;;;9759;29;9761;44;;;9751.0;0.0
4;69500;SNACKPACK_CHOCOLATE;9747;23;9745;56;;;9764;23;9766;56;;;9755.5;0.0
4;69600;SNACKPACK_CHOCOLATE;9756;36;9754;48;;;9764;6;9772;36;9774;48;9760.0;0.0
4;69700;SNACKPACK_CHOCOLATE;9768;39;9766;44;;;9784;39;9786;44;;;9776.0;0.0
4;69800;SNACKPACK_CHOCOLATE;9765;34;9763;42;;;9782;34;9784;42;;;9773.5;0.0
4;69900;SNACKPACK_CHOCOLATE;9765;34;9763;44;;;9782;34;9784;44;;;9773.5;0.0
4;70000;SNACKPACK_CHOCOLATE;9762;25;9760;49;;;9779;25;9781;49;;;9770.5;0.0
4;70100;SNACKPACK_CHOCOLATE;9764;38;9762;47;;;9781;38;9782;47;;;9772.5;0.0
4;70200;SNACKPACK_CHOCOLATE;9763;23;9761;46;;;9780;23;9782;46;;;9771.5;0.0
4;70300;SNACKPACK_CHOCOLATE;9760;23;9759;41;;;9777;23;9779;41;;;9768.5;0.0
4;70400;SNACKPACK_CHOCOLATE;9759;25;9757;57;;;9775;25;9777;57;;;9767.0;0.0
4;70500;SNACKPACK_CHOCOLATE;9758;21;9756;44;;;9775;21;9776;44;;;9766.5;0.0
4;70600;SNACKPACK_CHOCOLATE;9758;31;9756;52;;;9774;31;9776;52;;;9766.0;0.0
4;70700;SNACKPACK_CHOCOLATE;9757;26;9755;42;;;9774;26;9776;42;;;9765.5;0.0
4;70800;SNACKPACK_CHOCOLATE;9756;37;9754;53;;;9772;37;9774;53;;;9764.0;0.0
4;70900;SNACKPACK_CHOCOLATE;9761;34;9759;55;;;9778;34;9780;55;;;9769.5;0.0
4;71000;SNACKPACK_CHOCOLATE;9754;20;9752;43;;;9770;20;9772;43;;;9762.0;0.0
4;71100;SNACKPACK_CHOCOLATE;9755;23;9753;47;;;9772;23;9774;47;;;9763.5;0.0
4;71200;SNACKPACK_CHOCOLATE;9761;21;9759;43;;;9778;21;9780;43;;;9769.5;0.0
4;71300;SNACKPACK_CHOCOLATE;9754;23;9752;52;;;9770;23;9772;52;;;9762.0;0.0
4;71400;SNACKPACK_CHOCOLATE;9764;33;9762;58;;;9781;33;9783;58;;;9772.5;0.0
4;71500;SNACKPACK_CHOCOLATE;9764;34;9762;57;;;9780;34;9782;57;;;9772.0;0.0
4;71600;SNACKPACK_CHOCOLATE;9766;23;9764;50;;;9783;23;9785;50;;;9774.5;0.0
4;71700;SNACKPACK_CHOCOLATE;9768;20;9767;44;;;9776;6;9785;20;9787;44;9772.0;0.0
4;71800;SNACKPACK_CHOCOLATE;9765;31;9763;60;;;9782;31;9784;60;;;9773.5;0.0
4;71900;SNACKPACK_CHOCOLATE;9762;32;9760;45;;;9778;32;9780;45;;;9770.0;0.0
4;72000;SNACKPACK_CHOCOLATE;9761;24;9759;46;;;9778;24;9780;46;;;9769.5;0.0
4;72100;SNACKPACK_CHOCOLATE;9761;36;9760;47;;;9778;36;9780;47;;;9769.5;0.0
4;72200;SNACKPACK_CHOCOLATE;9755;28;9753;45;;;9772;28;9774;45;;;9763.5;0.0
4;72300;SNACKPACK_CHOCOLATE;9749;36;9747;46;;;9766;36;9768;46;;;9757.5;0.0
4;72400;SNACKPACK_CHOCOLATE;9741;24;9739;42;;;9758;24;9760;42;;;9749.5;0.0
4;72500;SNACKPACK_CHOCOLATE;9753;20;9751;44;;;9770;20;9772;44;;;9761.5;0.0
4;72600;SNACKPACK_CHOCOLATE;9753;39;9751;56;;;9761;6;9770;39;9772;56;9757.0;0.0
4;72700;SNACKPACK_CHOCOLATE;9751;40;9749;49;;;9768;40;9770;49;;;9759.5;0.0
4;72800;SNACKPACK_CHOCOLATE;9741;25;9739;51;;;9758;25;9760;51;;;9749.5;0.0
4;72900;SNACKPACK_CHOCOLATE;9731;23;9729;51;;;9748;23;9750;51;;;9739.5;0.0
4;73000;SNACKPACK_CHOCOLATE;9721;34;9719;43;;;9738;34;9740;43;;;9729.5;0.0
4;73100;SNACKPACK_CHOCOLATE;9723;21;9721;43;;;9740;21;9742;43;;;9731.5;0.0
4;73200;SNACKPACK_CHOCOLATE;9727;28;9725;55;;;9743;28;9745;55;;;9735.0;0.0
4;73300;SNACKPACK_CHOCOLATE;9711;33;9710;45;;;9728;33;9730;45;;;9719.5;0.0
4;73400;SNACKPACK_CHOCOLATE;9719;23;9717;41;;;9735;23;9737;41;;;9727.0;0.0
4;73500;SNACKPACK_CHOCOLATE;9716;26;9714;43;;;9732;26;9734;43;;;9724.0;0.0
4;73600;SNACKPACK_CHOCOLATE;9723;31;9721;47;;;9740;31;9742;47;;;9731.5;0.0
4;73700;SNACKPACK_CHOCOLATE;9723;36;9721;44;;;9740;36;9742;44;;;9731.5;0.0
4;73800;SNACKPACK_CHOCOLATE;9738;20;9736;46;;;9754;20;9756;46;;;9746.0;0.0
4;73900;SNACKPACK_CHOCOLATE;9744;21;9742;42;;;9760;21;9762;42;;;9752.0;0.0
4;74000;SNACKPACK_CHOCOLATE;9740;21;9739;44;;;9757;21;9759;44;;;9748.5;0.0
4;74100;SNACKPACK_CHOCOLATE;9739;32;9737;55;;;9756;32;9758;55;;;9747.5;0.0
4;74200;SNACKPACK_CHOCOLATE;9741;39;9739;59;;;9758;39;9759;59;;;9749.5;0.0
4;74300;SNACKPACK_CHOCOLATE;9748;29;9746;58;;;9765;29;9766;58;;;9756.5;0.0
4;74400;SNACKPACK_CHOCOLATE;9748;26;9746;48;;;9764;26;9766;48;;;9756.0;0.0
4;74500;SNACKPACK_CHOCOLATE;9746;20;9744;56;;;9762;20;9764;56;;;9754.0;0.0
4;74600;SNACKPACK_CHOCOLATE;9753;25;9751;59;;;9769;25;9771;59;;;9761.0;0.0
4;74700;SNACKPACK_CHOCOLATE;9750;32;9748;58;;;9767;32;9769;58;;;9758.5;0.0
4;74800;SNACKPACK_CHOCOLATE;9748;22;9746;56;;;9765;22;9767;56;;;9756.5;0.0
4;74900;SNACKPACK_CHOCOLATE;9750;23;9748;54;;;9766;23;9768;54;;;9758.0;0.0
4;75000;SNACKPACK_CHOCOLATE;9755;22;9753;46;;;9772;22;9774;46;;;9763.5;0.0
4;75100;SNACKPACK_CHOCOLATE;9756;34;9754;59;;;9773;34;9775;59;;;9764.5;0.0
4;75200;SNACKPACK_CHOCOLATE;9759;38;9757;48;;;9775;38;9777;48;;;9767.0;0.0
4;75300;SNACKPACK_CHOCOLATE;9758;25;9756;52;;;9775;25;9777;52;;;9766.5;0.0
4;75400;SNACKPACK_CHOCOLATE;9753;34;9751;50;;;9769;34;9771;50;;;9761.0;0.0
4;75500;SNACKPACK_CHOCOLATE;9754;27;9752;42;;;9770;27;9772;42;;;9762.0;0.0
4;75600;SNACKPACK_CHOCOLATE;9755;33;9753;47;;;9771;33;9773;47;;;9763.0;0.0
4;75700;SNACKPACK_CHOCOLATE;9771;20;9769;40;;;9788;20;9789;40;;;9779.5;0.0
4;75800;SNACKPACK_CHOCOLATE;9766;30;9764;57;;;9783;30;9784;57;;;9774.5;0.0
4;75900;SNACKPACK_CHOCOLATE;9773;24;9771;57;;;9790;24;9792;57;;;9781.5;0.0
4;76000;SNACKPACK_CHOCOLATE;9776;34;9774;57;;;9784;2;9792;34;9794;57;9780.0;0.0
4;76100;SNACKPACK_CHOCOLATE;9773;28;9771;47;;;9790;28;9792;47;;;9781.5;0.0
4;76200;SNACKPACK_CHOCOLATE;9768;23;9766;46;;;9785;23;9787;46;;;9776.5;0.0
4;76300;SNACKPACK_CHOCOLATE;9773;25;9771;56;;;9789;25;9791;56;;;9781.0;0.0
4;76400;SNACKPACK_CHOCOLATE;9763;39;9761;57;;;9779;39;9781;57;;;9771.0;0.0
4;76500;SNACKPACK_CHOCOLATE;9758;35;9756;43;;;9774;35;9776;43;;;9766.0;0.0
4;76600;SNACKPACK_CHOCOLATE;9760;4;9752;23;9750;58;9769;23;9771;58;;;9764.5;0.0
4;76700;SNACKPACK_CHOCOLATE;9765;33;9764;43;;;9782;33;9784;43;;;9773.5;0.0
4;76800;SNACKPACK_CHOCOLATE;9756;33;9754;47;;;9772;33;9774;47;;;9764.0;0.0
4;76900;SNACKPACK_CHOCOLATE;9753;29;9751;49;;;9770;29;9772;49;;;9761.5;0.0
4;77000;SNACKPACK_CHOCOLATE;9748;27;9746;57;;;9765;27;9766;57;;;9756.5;0.0
4;77100;SNACKPACK_CHOCOLATE;9752;31;9750;49;;;9768;31;9770;49;;;9760.0;0.0
4;77200;SNACKPACK_CHOCOLATE;9756;22;9754;45;;;9772;22;9774;45;;;9764.0;0.0
4;77300;SNACKPACK_CHOCOLATE;9763;30;9761;55;;;9779;30;9781;55;;;9771.0;0.0
4;77400;SNACKPACK_CHOCOLATE;9760;20;9758;40;;;9776;20;9778;40;;;9768.0;0.0
4;77500;SNACKPACK_CHOCOLATE;9756;31;9754;50;;;9773;31;9775;50;;;9764.5;0.0
4;77600;SNACKPACK_CHOCOLATE;9759;25;9758;45;;;9767;3;9776;25;9778;45;9763.0;0.0
4;77700;SNACKPACK_CHOCOLATE;9767;40;9765;46;;;9784;40;9786;46;;;9775.5;0.0
4;77800;SNACKPACK_CHOCOLATE;9761;38;9759;43;;;9778;38;9780;43;;;9769.5;0.0
4;77900;SNACKPACK_CHOCOLATE;9756;26;9754;48;;;9773;26;9775;48;;;9764.5;0.0
4;78000;SNACKPACK_CHOCOLATE;9763;31;9761;44;;;9780;31;9782;44;;;9771.5;0.0
4;78100;SNACKPACK_CHOCOLATE;9764;38;9762;40;;;9781;38;9783;40;;;9772.5;0.0
4;78200;SNACKPACK_CHOCOLATE;9770;39;9768;42;;;9787;39;9789;42;;;9778.5;0.0
4;78300;SNACKPACK_CHOCOLATE;9767;26;9765;40;;;9783;26;9785;40;;;9775.0;0.0
4;78400;SNACKPACK_CHOCOLATE;9760;37;9758;49;;;9777;37;9779;49;;;9768.5;0.0
4;78500;SNACKPACK_CHOCOLATE;9763;31;9761;44;;;9779;31;9781;44;;;9771.0;0.0
4;78600;SNACKPACK_CHOCOLATE;9773;37;9771;51;;;9790;37;9792;51;;;9781.5;0.0
4;78700;SNACKPACK_CHOCOLATE;9767;39;9765;46;;;9784;39;9786;46;;;9775.5;0.0
4;78800;SNACKPACK_CHOCOLATE;9780;37;9778;55;;;9797;37;9799;55;;;9788.5;0.0
4;78900;SNACKPACK_CHOCOLATE;9775;28;9773;44;;;9792;28;9794;44;;;9783.5;0.0
4;79000;SNACKPACK_CHOCOLATE;9773;29;9771;49;;;9789;29;9791;49;;;9781.0;0.0
4;79100;SNACKPACK_CHOCOLATE;9778;35;9776;42;;;9794;35;9796;42;;;9786.0;0.0
4;79200;SNACKPACK_CHOCOLATE;9771;33;9769;46;;;9788;33;9790;46;;;9779.5;0.0
4;79300;SNACKPACK_CHOCOLATE;9778;5;9771;38;9769;49;9787;38;9789;49;;;9782.5;0.0
4;79400;SNACKPACK_CHOCOLATE;9765;24;9763;52;;;9782;24;9784;52;;;9773.5;0.0
4;79500;SNACKPACK_CHOCOLATE;9764;28;9762;44;;;9781;28;9783;44;;;9772.5;0.0
4;79600;SNACKPACK_CHOCOLATE;9769;4;9761;32;9759;40;9777;32;9779;40;;;9773.0;0.0
4;79700;SNACKPACK_CHOCOLATE;9761;37;9759;53;;;9777;37;9779;53;;;9769.0;0.0
4;79800;SNACKPACK_CHOCOLATE;9765;22;9763;55;;;9781;22;9783;55;;;9773.0;0.0
4;79900;SNACKPACK_CHOCOLATE;9753;20;9751;60;;;9770;20;9772;60;;;9761.5;0.0
4;80000;SNACKPACK_CHOCOLATE;9757;23;9755;45;;;9773;23;9775;45;;;9765.0;0.0
4;80100;SNACKPACK_CHOCOLATE;9760;22;9758;44;;;9777;22;9779;44;;;9768.5;0.0
4;80200;SNACKPACK_CHOCOLATE;9758;30;9756;45;;;9775;30;9777;45;;;9766.5;0.0
4;80300;SNACKPACK_CHOCOLATE;9765;37;9763;42;;;9781;37;9783;42;;;9773.0;0.0
4;80400;SNACKPACK_CHOCOLATE;9785;25;9783;41;;;9802;25;9804;41;;;9793.5;0.0
4;80500;SNACKPACK_CHOCOLATE;9788;23;9786;45;;;9804;23;9806;45;;;9796.0;0.0
4;80600;SNACKPACK_CHOCOLATE;9790;29;9788;58;;;9806;29;9808;58;;;9798.0;0.0
4;80700;SNACKPACK_CHOCOLATE;9784;36;9782;52;;;9800;36;9802;52;;;9792.0;0.0
4;80800;SNACKPACK_CHOCOLATE;9792;26;9790;43;;;9809;26;9811;43;;;9800.5;0.0
4;80900;SNACKPACK_CHOCOLATE;9791;31;9789;45;;;9807;31;9809;45;;;9799.0;0.0
4;81000;SNACKPACK_CHOCOLATE;9786;31;9784;41;;;9803;31;9805;41;;;9794.5;0.0
4;81100;SNACKPACK_CHOCOLATE;9795;29;9793;51;;;9811;29;9813;51;;;9803.0;0.0
4;81200;SNACKPACK_CHOCOLATE;9793;36;9791;41;;;9810;36;9812;41;;;9801.5;0.0
4;81300;SNACKPACK_CHOCOLATE;9799;33;9797;55;;;9816;33;9818;55;;;9807.5;0.0
4;81400;SNACKPACK_CHOCOLATE;9807;37;9805;43;;;9824;37;9826;43;;;9815.5;0.0
4;81500;SNACKPACK_CHOCOLATE;9809;26;9807;43;;;9826;26;9828;43;;;9817.5;0.0
4;81600;SNACKPACK_CHOCOLATE;9812;40;9810;41;;;9829;40;9831;41;;;9820.5;0.0
4;81700;SNACKPACK_CHOCOLATE;9821;39;9819;51;;;9837;39;9839;51;;;9829.0;0.0
4;81800;SNACKPACK_CHOCOLATE;9830;27;9828;49;;;9846;27;9848;49;;;9838.0;0.0
4;81900;SNACKPACK_CHOCOLATE;9832;30;9830;54;;;9849;30;9851;54;;;9840.5;0.0
4;82000;SNACKPACK_CHOCOLATE;9834;39;9832;58;;;9850;39;9852;58;;;9842.0;0.0
4;82100;SNACKPACK_CHOCOLATE;9846;32;9844;56;;;9862;32;9864;56;;;9854.0;0.0
4;82200;SNACKPACK_CHOCOLATE;9858;33;9856;56;;;9875;33;9877;56;;;9866.5;0.0
4;82300;SNACKPACK_CHOCOLATE;9862;25;9860;44;;;9879;25;9881;44;;;9870.5;0.0
4;82400;SNACKPACK_CHOCOLATE;9853;40;9851;43;;;9870;40;9872;43;;;9861.5;0.0
4;82500;SNACKPACK_CHOCOLATE;9859;33;9857;58;;;9876;33;9878;58;;;9867.5;0.0
4;82600;SNACKPACK_CHOCOLATE;9855;20;9853;55;;;9871;20;9873;55;;;9863.0;0.0
4;82700;SNACKPACK_CHOCOLATE;9853;22;9851;45;;;9870;22;9872;45;;;9861.5;0.0
4;82800;SNACKPACK_CHOCOLATE;9846;33;9844;51;;;9863;33;9865;51;;;9854.5;0.0
4;82900;SNACKPACK_CHOCOLATE;9842;26;9840;55;;;9859;26;9861;55;;;9850.5;0.0
4;83000;SNACKPACK_CHOCOLATE;9840;5;9833;36;9831;41;9849;36;9851;41;;;9844.5;0.0
4;83100;SNACKPACK_CHOCOLATE;9825;28;9823;50;;;9842;28;9844;50;;;9833.5;0.0
4;83200;SNACKPACK_CHOCOLATE;9817;34;9815;58;;;9833;34;9835;58;;;9825.0;0.0
4;83300;SNACKPACK_CHOCOLATE;9817;29;9815;48;;;9834;29;9836;48;;;9825.5;0.0
4;83400;SNACKPACK_CHOCOLATE;9819;23;9817;55;;;9836;23;9838;55;;;9827.5;0.0
4;83500;SNACKPACK_CHOCOLATE;9813;23;9811;54;;;9830;23;9832;54;;;9821.5;0.0
4;83600;SNACKPACK_CHOCOLATE;9802;35;9800;52;;;9819;35;9821;52;;;9810.5;0.0
4;83700;SNACKPACK_CHOCOLATE;9809;33;9807;48;;;9826;33;9828;48;;;9817.5;0.0
4;83800;SNACKPACK_CHOCOLATE;9806;38;9804;47;;;9823;38;9825;47;;;9814.5;0.0
4;83900;SNACKPACK_CHOCOLATE;9810;35;9808;44;;;9827;35;9829;44;;;9818.5;0.0
4;84000;SNACKPACK_CHOCOLATE;9811;24;9810;41;;;9828;24;9830;41;;;9819.5;0.0
4;84100;SNACKPACK_CHOCOLATE;9807;28;9805;59;;;9824;28;9826;59;;;9815.5;0.0
4;84200;SNACKPACK_CHOCOLATE;9813;21;9811;40;;;9830;21;9832;40;;;9821.5;0.0
4;84300;SNACKPACK_CHOCOLATE;9820;35;9818;53;;;9836;35;9838;53;;;9828.0;0.0
4;84400;SNACKPACK_CHOCOLATE;9817;21;9815;57;;;9834;21;9836;57;;;9825.5;0.0
4;84500;SNACKPACK_CHOCOLATE;9814;20;9812;50;;;9830;20;9832;50;;;9822.0;0.0
4;84600;SNACKPACK_CHOCOLATE;9802;40;9800;40;;;9819;40;9821;40;;;9810.5;0.0
4;84700;SNACKPACK_CHOCOLATE;9801;20;9799;48;;;9818;20;9820;48;;;9809.5;0.0
4;84800;SNACKPACK_CHOCOLATE;9796;34;9794;46;;;9812;34;9814;46;;;9804.0;0.0
4;84900;SNACKPACK_CHOCOLATE;9804;39;9802;53;;;9821;39;9823;53;;;9812.5;0.0
4;85000;SNACKPACK_CHOCOLATE;9820;36;9818;58;;;9836;36;9838;58;;;9828.0;0.0
4;85100;SNACKPACK_CHOCOLATE;9810;29;9808;51;;;9826;29;9828;51;;;9818.0;0.0
4;85200;SNACKPACK_CHOCOLATE;9825;37;9823;59;;;9841;37;9843;59;;;9833.0;0.0
4;85300;SNACKPACK_CHOCOLATE;9837;39;9835;45;;;9854;39;9856;45;;;9845.5;0.0
4;85400;SNACKPACK_CHOCOLATE;9828;28;9826;45;;;9845;28;9847;45;;;9836.5;0.0
4;85500;SNACKPACK_CHOCOLATE;9827;24;9825;57;;;9844;24;9846;57;;;9835.5;0.0
4;85600;SNACKPACK_CHOCOLATE;9822;22;9820;57;;;9838;22;9840;57;;;9830.0;0.0
4;85700;SNACKPACK_CHOCOLATE;9826;20;9824;60;;;9843;20;9845;60;;;9834.5;0.0
4;85800;SNACKPACK_CHOCOLATE;9825;24;9823;41;;;9842;24;9844;41;;;9833.5;0.0
4;85900;SNACKPACK_CHOCOLATE;9838;30;9836;50;;;9854;30;9856;50;;;9846.0;0.0
4;86000;SNACKPACK_CHOCOLATE;9838;22;9836;58;;;9855;22;9857;58;;;9846.5;0.0
4;86100;SNACKPACK_CHOCOLATE;9834;28;9832;58;;;9851;28;9853;58;;;9842.5;0.0
4;86200;SNACKPACK_CHOCOLATE;9831;25;9829;42;;;9848;25;9850;42;;;9839.5;0.0
4;86300;SNACKPACK_CHOCOLATE;9836;34;9834;42;;;9853;34;9855;42;;;9844.5;0.0
4;86400;SNACKPACK_CHOCOLATE;9839;31;9837;55;;;9855;31;9857;55;;;9847.0;0.0
4;86500;SNACKPACK_CHOCOLATE;9835;25;9833;43;;;9852;25;9854;43;;;9843.5;0.0
4;86600;SNACKPACK_CHOCOLATE;9833;30;9831;60;;;9850;30;9852;60;;;9841.5;0.0
4;86700;SNACKPACK_CHOCOLATE;9835;27;9833;54;;;9852;27;9854;54;;;9843.5;0.0
4;86800;SNACKPACK_CHOCOLATE;9841;23;9839;49;;;9858;23;9860;49;;;9849.5;0.0
4;86900;SNACKPACK_CHOCOLATE;9838;26;9836;50;;;9855;26;9857;50;;;9846.5;0.0
4;87000;SNACKPACK_CHOCOLATE;9841;39;9839;48;;;9857;39;9859;48;;;9849.0;0.0
4;87100;SNACKPACK_CHOCOLATE;9845;33;9843;40;;;9861;33;9863;40;;;9853.0;0.0
4;87200;SNACKPACK_CHOCOLATE;9840;29;9838;53;;;9857;29;9859;53;;;9848.5;0.0
4;87300;SNACKPACK_CHOCOLATE;9838;36;9836;54;;;9855;36;9857;54;;;9846.5;0.0
4;87400;SNACKPACK_CHOCOLATE;9841;20;9839;49;;;9858;20;9860;49;;;9849.5;0.0
4;87500;SNACKPACK_CHOCOLATE;9855;27;9853;53;;;9872;27;9874;53;;;9863.5;0.0
4;87600;SNACKPACK_CHOCOLATE;9855;21;9853;56;;;9872;21;9874;56;;;9863.5;0.0
4;87700;SNACKPACK_CHOCOLATE;9857;37;9855;55;;;9874;37;9875;55;;;9865.5;0.0
4;87800;SNACKPACK_CHOCOLATE;9852;36;9850;45;;;9869;36;9870;45;;;9860.5;0.0
4;87900;SNACKPACK_CHOCOLATE;9839;23;9837;58;;;9855;23;9857;58;;;9847.0;0.0
4;88000;SNACKPACK_CHOCOLATE;9837;23;9835;43;;;9853;23;9855;43;;;9845.0;0.0
4;88100;SNACKPACK_CHOCOLATE;9844;28;9842;58;;;9860;28;9862;58;;;9852.0;0.0
4;88200;SNACKPACK_CHOCOLATE;9846;21;9844;45;;;9863;21;9865;45;;;9854.5;0.0
4;88300;SNACKPACK_CHOCOLATE;9832;22;9830;41;;;9849;22;9851;41;;;9840.5;0.0
4;88400;SNACKPACK_CHOCOLATE;9834;28;9832;43;;;9851;28;9853;43;;;9842.5;0.0
4;88500;SNACKPACK_CHOCOLATE;9832;27;9830;44;;;9849;27;9851;44;;;9840.5;0.0
4;88600;SNACKPACK_CHOCOLATE;9837;4;9829;20;9827;44;9846;20;9848;44;;;9841.5;0.0
4;88700;SNACKPACK_CHOCOLATE;9829;23;9827;57;;;9846;23;9848;57;;;9837.5;0.0
4;88800;SNACKPACK_CHOCOLATE;9826;24;9824;47;;;9843;24;9845;47;;;9834.5;0.0
4;88900;SNACKPACK_CHOCOLATE;9830;30;9828;57;;;9847;30;9849;57;;;9838.5;0.0
4;89000;SNACKPACK_CHOCOLATE;9826;25;9824;50;;;9842;25;9844;50;;;9834.0;0.0
4;89100;SNACKPACK_CHOCOLATE;9829;37;9827;47;;;9845;37;9847;47;;;9837.0;0.0
4;89200;SNACKPACK_CHOCOLATE;9832;30;9830;59;;;9849;30;9850;59;;;9840.5;0.0
4;89300;SNACKPACK_CHOCOLATE;9829;27;9827;44;;;9846;27;9848;44;;;9837.5;0.0
4;89400;SNACKPACK_CHOCOLATE;9833;39;9831;54;;;9850;39;9852;54;;;9841.5;0.0
4;89500;SNACKPACK_CHOCOLATE;9833;22;9831;49;;;9849;22;9851;49;;;9841.0;0.0
4;89600;SNACKPACK_CHOCOLATE;9836;39;9834;48;;;9853;39;9854;48;;;9844.5;0.0
4;89700;SNACKPACK_CHOCOLATE;9848;21;9847;42;;;9865;21;9867;42;;;9856.5;0.0
4;89800;SNACKPACK_CHOCOLATE;9850;38;9849;43;;;9867;38;9869;43;;;9858.5;0.0
4;89900;SNACKPACK_CHOCOLATE;9852;35;9850;45;;;9869;35;9871;45;;;9860.5;0.0
4;90000;SNACKPACK_CHOCOLATE;9843;27;9841;56;;;9859;27;9861;56;;;9851.0;0.0
4;90100;SNACKPACK_CHOCOLATE;9836;27;9834;60;;;9852;27;9854;60;;;9844.0;0.0
4;90200;SNACKPACK_CHOCOLATE;9844;33;9842;59;;;9860;33;9862;59;;;9852.0;0.0
4;90300;SNACKPACK_CHOCOLATE;9832;40;9830;48;;;9849;40;9851;48;;;9840.5;0.0
4;90400;SNACKPACK_CHOCOLATE;9833;37;9831;60;;;9850;37;9852;60;;;9841.5;0.0
4;90500;SNACKPACK_CHOCOLATE;9829;35;9827;47;;;9846;35;9848;47;;;9837.5;0.0
4;90600;SNACKPACK_CHOCOLATE;9828;33;9826;54;;;9845;33;9847;54;;;9836.5;0.0
4;90700;SNACKPACK_CHOCOLATE;9834;28;9832;57;;;9851;28;9853;57;;;9842.5;0.0
4;90800;SNACKPACK_CHOCOLATE;9836;24;9834;54;;;9853;24;9855;54;;;9844.5;0.0
4;90900;SNACKPACK_CHOCOLATE;9838;37;9836;40;;;9855;37;9857;40;;;9846.5;0.0
4;91000;SNACKPACK_CHOCOLATE;9855;32;9853;60;;;9872;32;9874;60;;;9863.5;0.0
4;91100;SNACKPACK_CHOCOLATE;9849;31;9847;51;;;9866;31;9868;51;;;9857.5;0.0
4;91200;SNACKPACK_CHOCOLATE;9856;26;9854;50;;;9873;26;9875;50;;;9864.5;0.0
4;91300;SNACKPACK_CHOCOLATE;9850;36;9848;43;;;9867;36;9869;43;;;9858.5;0.0
4;91400;SNACKPACK_CHOCOLATE;9853;37;9851;43;;;9869;37;9871;43;;;9861.0;0.0
4;91500;SNACKPACK_CHOCOLATE;9861;27;9859;53;;;9878;27;9880;53;;;9869.5;0.0
4;91600;SNACKPACK_CHOCOLATE;9861;33;9859;42;;;9878;33;9880;42;;;9869.5;0.0
4;91700;SNACKPACK_CHOCOLATE;9864;35;9862;49;;;9881;35;9883;49;;;9872.5;0.0
4;91800;SNACKPACK_CHOCOLATE;9864;38;9862;54;;;9880;38;9882;54;;;9872.0;0.0
4;91900;SNACKPACK_CHOCOLATE;9867;33;9865;49;;;9884;33;9886;49;;;9875.5;0.0
4;92000;SNACKPACK_CHOCOLATE;9866;21;9864;40;;;9882;21;9884;40;;;9874.0;0.0
4;92100;SNACKPACK_CHOCOLATE;9870;30;9868;41;;;9886;30;9888;41;;;9878.0;0.0
4;92200;SNACKPACK_CHOCOLATE;9882;38;9880;58;;;9899;38;9901;58;;;9890.5;0.0
4;92300;SNACKPACK_CHOCOLATE;9884;37;9882;51;;;9901;37;9902;51;;;9892.5;0.0
4;92400;SNACKPACK_CHOCOLATE;9880;39;9878;56;;;9897;39;9899;56;;;9888.5;0.0
4;92500;SNACKPACK_CHOCOLATE;9887;34;9885;41;;;9904;34;9906;41;;;9895.5;0.0
4;92600;SNACKPACK_CHOCOLATE;9884;30;9882;58;;;9900;30;9902;58;;;9892.0;0.0
4;92700;SNACKPACK_CHOCOLATE;9872;26;9870;45;;;9889;26;9891;45;;;9880.5;0.0
4;92800;SNACKPACK_CHOCOLATE;9875;30;9873;50;;;9891;30;9893;50;;;9883.0;0.0
4;92900;SNACKPACK_CHOCOLATE;9878;34;9876;43;;;9895;34;9897;43;;;9886.5;0.0
4;93000;SNACKPACK_CHOCOLATE;9885;34;9883;51;;;9902;34;9904;51;;;9893.5;0.0
4;93100;SNACKPACK_CHOCOLATE;9884;38;9882;56;;;9901;38;9903;56;;;9892.5;0.0
4;93200;SNACKPACK_CHOCOLATE;9886;20;9884;55;;;9903;20;9905;55;;;9894.5;0.0
4;93300;SNACKPACK_CHOCOLATE;9885;27;9883;48;;;9902;27;9904;48;;;9893.5;0.0
4;93400;SNACKPACK_CHOCOLATE;9891;28;9889;56;;;9908;28;9910;56;;;9899.5;0.0
4;93500;SNACKPACK_CHOCOLATE;9888;20;9886;41;;;9905;20;9907;41;;;9896.5;0.0
4;93600;SNACKPACK_CHOCOLATE;9888;38;9886;47;;;9904;38;9906;47;;;9896.0;0.0
4;93700;SNACKPACK_CHOCOLATE;9890;37;9888;59;;;9906;37;9908;59;;;9898.0;0.0
4;93800;SNACKPACK_CHOCOLATE;9884;27;9883;52;;;9901;27;9903;52;;;9892.5;0.0
4;93900;SNACKPACK_CHOCOLATE;9887;33;9885;60;;;9903;33;9905;60;;;9895.0;0.0
4;94000;SNACKPACK_CHOCOLATE;9887;21;9885;56;;;9904;21;9906;56;;;9895.5;0.0
4;94100;SNACKPACK_CHOCOLATE;9895;29;9893;52;;;9912;29;9914;52;;;9903.5;0.0
4;94200;SNACKPACK_CHOCOLATE;9892;21;9890;42;;;9909;21;9911;42;;;9900.5;0.0
4;94300;SNACKPACK_CHOCOLATE;9888;37;9886;57;;;9904;37;9906;57;;;9896.0;0.0
4;94400;SNACKPACK_CHOCOLATE;9876;25;9874;60;;;9892;25;9894;60;;;9884.0;0.0
4;94500;SNACKPACK_CHOCOLATE;9859;31;9857;48;;;9876;31;9878;48;;;9867.5;0.0
4;94600;SNACKPACK_CHOCOLATE;9866;20;9864;41;;;9883;20;9885;41;;;9874.5;0.0
4;94700;SNACKPACK_CHOCOLATE;9876;32;9874;41;;;9892;32;9894;41;;;9884.0;0.0
4;94800;SNACKPACK_CHOCOLATE;9873;29;9871;41;;;9889;29;9891;41;;;9881.0;0.0
4;94900;SNACKPACK_CHOCOLATE;9865;21;9864;55;;;9882;21;9884;55;;;9873.5;0.0
4;95000;SNACKPACK_CHOCOLATE;9867;23;9865;60;;;9884;23;9886;60;;;9875.5;0.0
4;95100;SNACKPACK_CHOCOLATE;9863;30;9861;54;;;9880;30;9882;54;;;9871.5;0.0
4;95200;SNACKPACK_CHOCOLATE;9860;40;9858;40;;;9877;40;9879;40;;;9868.5;0.0
4;95300;SNACKPACK_CHOCOLATE;9870;35;9868;40;;;9887;35;9889;40;;;9878.5;0.0
4;95400;SNACKPACK_CHOCOLATE;9878;35;9876;57;;;9895;35;9897;57;;;9886.5;0.0
4;95500;SNACKPACK_CHOCOLATE;9882;21;9880;48;;;9899;21;9901;48;;;9890.5;0.0
4;95600;SNACKPACK_CHOCOLATE;9894;31;9892;59;;;9910;31;9912;59;;;9902.0;0.0
4;95700;SNACKPACK_CHOCOLATE;9893;37;9891;56;;;9910;37;9912;56;;;9901.5;0.0
4;95800;SNACKPACK_CHOCOLATE;9898;29;9896;47;;;9915;29;9917;47;;;9906.5;0.0
4;95900;SNACKPACK_CHOCOLATE;9889;21;9887;56;;;9906;21;9908;56;;;9897.5;0.0
4;96000;SNACKPACK_CHOCOLATE;9886;31;9884;50;;;9903;31;9905;50;;;9894.5;0.0
4;96100;SNACKPACK_CHOCOLATE;9881;34;9879;60;;;9898;34;9900;60;;;9889.5;0.0
4;96200;SNACKPACK_CHOCOLATE;9881;32;9879;44;;;9898;32;9900;44;;;9889.5;0.0
4;96300;SNACKPACK_CHOCOLATE;9876;40;9874;55;;;9893;40;9895;55;;;9884.5;0.0
4;96400;SNACKPACK_CHOCOLATE;9882;32;9880;55;;;9899;32;9901;55;;;9890.5;0.0
4;96500;SNACKPACK_CHOCOLATE;9886;29;9884;44;;;9903;29;9905;44;;;9894.5;0.0
4;96600;SNACKPACK_CHOCOLATE;9889;25;9887;51;;;9906;25;9908;51;;;9897.5;0.0
4;96700;SNACKPACK_CHOCOLATE;9882;31;9880;60;;;9899;31;9901;60;;;9890.5;0.0
4;96800;SNACKPACK_CHOCOLATE;9873;21;9871;42;;;9889;21;9891;42;;;9881.0;0.0
4;96900;SNACKPACK_CHOCOLATE;9883;22;9881;49;;;9899;22;9901;49;;;9891.0;0.0
4;97000;SNACKPACK_CHOCOLATE;9884;37;9882;48;;;9900;37;9902;48;;;9892.0;0.0
4;97100;SNACKPACK_CHOCOLATE;9896;39;9894;53;;;9913;39;9915;53;;;9904.5;0.0
4;97200;SNACKPACK_CHOCOLATE;9901;32;9899;57;;;9918;32;9920;57;;;9909.5;0.0
4;97300;SNACKPACK_CHOCOLATE;9897;24;9895;44;;;9914;24;9916;44;;;9905.5;0.0
4;97400;SNACKPACK_CHOCOLATE;9903;20;9901;48;;;9920;20;9922;48;;;9911.5;0.0
4;97500;SNACKPACK_CHOCOLATE;9903;40;9901;41;;;9920;40;9922;41;;;9911.5;0.0
4;97600;SNACKPACK_CHOCOLATE;9907;29;9905;50;;;9924;29;9926;50;;;9915.5;0.0
4;97700;SNACKPACK_CHOCOLATE;9909;37;9907;58;;;9926;37;9928;58;;;9917.5;0.0
4;97800;SNACKPACK_CHOCOLATE;9904;26;9902;53;;;9921;26;9923;53;;;9912.5;0.0
4;97900;SNACKPACK_CHOCOLATE;9919;34;9917;45;;;9936;34;9938;45;;;9927.5;0.0
4;98000;SNACKPACK_CHOCOLATE;9926;30;9924;45;;;9943;30;9945;45;;;9934.5;0.0
4;98100;SNACKPACK_CHOCOLATE;9915;36;9913;57;;;9932;36;9934;57;;;9923.5;0.0
4;98200;SNACKPACK_CHOCOLATE;9920;27;9918;50;;;9936;27;9938;50;;;9928.0;0.0
4;98300;SNACKPACK_CHOCOLATE;9911;34;9909;58;;;9928;34;9930;58;;;9919.5;0.0
4;98400;SNACKPACK_CHOCOLATE;9905;38;9903;54;;;9922;38;9924;54;;;9913.5;0.0
4;98500;SNACKPACK_CHOCOLATE;9905;21;9903;55;;;9921;21;9923;55;;;9913.0;0.0
4;98600;SNACKPACK_CHOCOLATE;9915;23;9913;54;;;9932;23;9934;54;;;9923.5;0.0
4;98700;SNACKPACK_CHOCOLATE;9911;39;9909;54;;;9928;39;9930;54;;;9919.5;0.0
4;98800;SNACKPACK_CHOCOLATE;9908;21;9906;49;;;9925;21;9927;49;;;9916.5;0.0
4;98900;SNACKPACK_CHOCOLATE;9908;40;9906;48;;;9925;40;9927;48;;;9916.5;0.0
4;99000;SNACKPACK_CHOCOLATE;9910;36;9908;49;;;9927;36;9929;49;;;9918.5;0.0
4;99100;SNACKPACK_CHOCOLATE;9914;36;9912;55;;;9931;36;9933;55;;;9922.5;0.0
4;99200;SNACKPACK_CHOCOLATE;9917;26;9915;41;;;9925;5;9934;26;9936;41;9921.0;0.0
4;99300;SNACKPACK_CHOCOLATE;9918;39;9916;47;;;9935;39;9937;47;;;9926.5;0.0
4;99400;SNACKPACK_CHOCOLATE;9926;37;9924;49;;;9943;37;9945;49;;;9934.5;0.0
4;99500;SNACKPACK_CHOCOLATE;9924;35;9922;43;;;9941;35;9943;43;;;9932.5;0.0
4;99600;SNACKPACK_CHOCOLATE;9923;36;9921;56;;;9940;36;9942;56;;;9931.5;0.0
4;99700;SNACKPACK_CHOCOLATE;9921;25;9919;58;;;9938;25;9940;58;;;9929.5;0.0
4;99800;SNACKPACK_CHOCOLATE;9925;24;9923;42;;;9942;24;9944;42;;;9933.5;0.0
4;99900;SNACKPACK_CHOCOLATE;9911;20;9909;43;;;9928;20;9930;43;;;9919.5;0.0
4;100000;SNACKPACK_CHOCOLATE;9912;36;9910;56;;;9928;36;9930;56;;;9920.0;0.0
4;100100;SNACKPACK_CHOCOLATE;9903;37;9901;40;;;9920;37;9922;40;;;9911.5;0.0
4;100200;SNACKPACK_CHOCOLATE;9903;38;9901;41;;;9920;38;9922;41;;;9911.5;0.0
4;100300;SNACKPACK_CHOCOLATE;9900;32;9898;41;;;9917;32;9919;41;;;9908.5;0.0
4;100400;SNACKPACK_CHOCOLATE;9905;35;9903;46;;;9922;35;9924;46;;;9913.5;0.0
4;100500;SNACKPACK_CHOCOLATE;9899;22;9897;46;;;9916;22;9918;46;;;9907.5;0.0
4;100600;SNACKPACK_CHOCOLATE;9900;22;9898;41;;;9917;22;9919;41;;;9908.5;0.0
4;100700;SNACKPACK_CHOCOLATE;9898;37;9896;59;;;9915;37;9917;59;;;9906.5;0.0
4;100800;SNACKPACK_CHOCOLATE;9889;24;9887;45;;;9906;24;9908;45;;;9897.5;0.0
4;100900;SNACKPACK_CHOCOLATE;9890;22;9888;56;;;9907;22;9909;56;;;9898.5;0.0
4;101000;SNACKPACK_CHOCOLATE;9878;39;9876;48;;;9895;39;9897;48;;;9886.5;0.0
4;101100;SNACKPACK_CHOCOLATE;9871;25;9869;49;;;9888;25;9890;49;;;9879.5;0.0
4;101200;SNACKPACK_CHOCOLATE;9875;30;9873;58;;;9892;30;9894;58;;;9883.5;0.0
4;101300;SNACKPACK_CHOCOLATE;9870;22;9868;49;;;9886;22;9888;49;;;9878.0;0.0
4;101400;SNACKPACK_CHOCOLATE;9886;30;9884;47;;;9903;30;9905;47;;;9894.5;0.0
4;101500;SNACKPACK_CHOCOLATE;9879;38;9877;56;;;9896;38;9898;56;;;9887.5;0.0
4;101600;SNACKPACK_CHOCOLATE;9883;23;9881;41;;;9900;23;9902;41;;;9891.5;0.0
4;101700;SNACKPACK_CHOCOLATE;9892;21;9890;42;;;9909;21;9911;42;;;9900.5;0.0
4;101800;SNACKPACK_CHOCOLATE;9887;29;9885;58;;;9904;29;9906;58;;;9895.5;0.0
4;101900;SNACKPACK_CHOCOLATE;9891;30;9889;56;;;9907;30;9909;56;;;9899.0;0.0
4;102000;SNACKPACK_CHOCOLATE;9893;21;9891;43;;;9910;21;9912;43;;;9901.5;0.0
4;102100;SNACKPACK_CHOCOLATE;9890;30;9888;57;;;9907;30;9909;57;;;9898.5;0.0
4;102200;SNACKPACK_CHOCOLATE;9892;37;9890;47;;;9908;37;9910;47;;;9900.0;0.0
4;102300;SNACKPACK_CHOCOLATE;9894;6;9886;22;9884;47;9903;22;9905;47;;;9898.5;0.0
4;102400;SNACKPACK_CHOCOLATE;9885;21;9883;58;;;9902;21;9904;58;;;9893.5;0.0
4;102500;SNACKPACK_CHOCOLATE;9881;36;9879;41;;;9898;36;9900;41;;;9889.5;0.0
4;102600;SNACKPACK_CHOCOLATE;9888;25;9886;40;;;9904;25;9906;40;;;9896.0;0.0
4;102700;SNACKPACK_CHOCOLATE;9870;27;9868;60;;;9887;27;9889;60;;;9878.5;0.0
4;102800;SNACKPACK_CHOCOLATE;9882;20;9880;50;;;9898;20;9900;50;;;9890.0;0.0
4;102900;SNACKPACK_CHOCOLATE;9879;25;9877;44;;;9896;25;9898;44;;;9887.5;0.0
4;103000;SNACKPACK_CHOCOLATE;9879;37;9877;42;;;9895;37;9897;42;;;9887.0;0.0
4;103100;SNACKPACK_CHOCOLATE;9881;24;9879;46;;;9898;24;9900;46;;;9889.5;0.0
4;103200;SNACKPACK_CHOCOLATE;9886;31;9884;54;;;9903;31;9905;54;;;9894.5;0.0
4;103300;SNACKPACK_CHOCOLATE;9890;22;9888;53;;;9907;22;9909;53;;;9898.5;0.0
4;103400;SNACKPACK_CHOCOLATE;9890;34;9888;55;;;9907;34;9909;55;;;9898.5;0.0
4;103500;SNACKPACK_CHOCOLATE;9890;29;9888;59;;;9907;29;9909;59;;;9898.5;0.0
4;103600;SNACKPACK_CHOCOLATE;9905;21;9903;53;;;9922;21;9924;53;;;9913.5;0.0
4;103700;SNACKPACK_CHOCOLATE;9900;39;9898;40;;;9917;39;9919;40;;;9908.5;0.0
4;103800;SNACKPACK_CHOCOLATE;9901;22;9899;60;;;9918;22;9920;60;;;9909.5;0.0
4;103900;SNACKPACK_CHOCOLATE;9898;20;9896;48;;;9915;20;9917;48;;;9906.5;0.0
4;104000;SNACKPACK_CHOCOLATE;9903;33;9901;58;;;9920;33;9922;58;;;9911.5;0.0
4;104100;SNACKPACK_CHOCOLATE;9898;34;9896;57;;;9914;34;9916;57;;;9906.0;0.0
4;104200;SNACKPACK_CHOCOLATE;9890;32;9888;41;;;9907;32;9909;41;;;9898.5;0.0
4;104300;SNACKPACK_CHOCOLATE;9888;37;9886;49;;;9905;37;9907;49;;;9896.5;0.0
4;104400;SNACKPACK_CHOCOLATE;9887;36;9885;54;;;9904;36;9906;54;;;9895.5;0.0
4;104500;SNACKPACK_CHOCOLATE;9891;38;9889;59;;;9907;38;9909;59;;;9899.0;0.0
4;104600;SNACKPACK_CHOCOLATE;9897;33;9895;45;;;9914;33;9916;45;;;9905.5;0.0
4;104700;SNACKPACK_CHOCOLATE;9899;26;9897;59;;;9916;26;9918;59;;;9907.5;0.0
4;104800;SNACKPACK_CHOCOLATE;9907;2;9900;23;9898;44;9916;23;9918;44;;;9911.5;0.0
4;104900;SNACKPACK_CHOCOLATE;9903;28;9901;52;;;9920;28;9922;52;;;9911.5;0.0
4;105000;SNACKPACK_CHOCOLATE;9891;38;9889;48;;;9907;38;9909;48;;;9899.0;0.0
4;105100;SNACKPACK_CHOCOLATE;9897;30;9895;55;;;9913;30;9915;55;;;9905.0;0.0
4;105200;SNACKPACK_CHOCOLATE;9897;20;9895;55;;;9914;20;9916;55;;;9905.5;0.0
4;105300;SNACKPACK_CHOCOLATE;9906;28;9904;60;;;9922;28;9924;60;;;9914.0;0.0
4;105400;SNACKPACK_CHOCOLATE;9903;39;9901;48;;;9920;39;9922;48;;;9911.5;0.0
4;105500;SNACKPACK_CHOCOLATE;9904;40;9902;52;;;9921;40;9923;52;;;9912.5;0.0
4;105600;SNACKPACK_CHOCOLATE;9897;21;9895;54;;;9914;21;9916;54;;;9905.5;0.0
4;105700;SNACKPACK_CHOCOLATE;9896;28;9894;52;;;9913;28;9915;52;;;9904.5;0.0
4;105800;SNACKPACK_CHOCOLATE;9903;39;9901;59;;;9920;39;9922;59;;;9911.5;0.0
4;105900;SNACKPACK_CHOCOLATE;9896;25;9894;49;;;9912;25;9914;49;;;9904.0;0.0
4;106000;SNACKPACK_CHOCOLATE;9902;27;9900;45;;;9918;27;9920;45;;;9910.0;0.0
4;106100;SNACKPACK_CHOCOLATE;9902;35;9900;50;;;9919;35;9921;50;;;9910.5;0.0
4;106200;SNACKPACK_CHOCOLATE;9907;29;9905;44;;;9924;29;9926;44;;;9915.5;0.0
4;106300;SNACKPACK_CHOCOLATE;9888;35;9886;48;;;9905;35;9907;48;;;9896.5;0.0
4;106400;SNACKPACK_CHOCOLATE;9889;24;9887;58;;;9906;24;9908;58;;;9897.5;0.0
4;106500;SNACKPACK_CHOCOLATE;9889;39;9887;57;;;9906;39;9908;57;;;9897.5;0.0
4;106600;SNACKPACK_CHOCOLATE;9883;36;9881;57;;;9900;36;9902;57;;;9891.5;0.0
4;106700;SNACKPACK_CHOCOLATE;9888;38;9886;50;;;9904;38;9906;50;;;9896.0;0.0
4;106800;SNACKPACK_CHOCOLATE;9883;35;9881;41;;;9900;35;9902;41;;;9891.5;0.0
4;106900;SNACKPACK_CHOCOLATE;9869;37;9867;51;;;9886;37;9888;51;;;9877.5;0.0
4;107000;SNACKPACK_CHOCOLATE;9878;37;9876;43;;;9894;37;9896;43;;;9886.0;0.0
4;107100;SNACKPACK_CHOCOLATE;9878;31;9876;42;;;9895;31;9897;42;;;9886.5;0.0
4;107200;SNACKPACK_CHOCOLATE;9888;24;9886;56;;;9905;24;9907;56;;;9896.5;0.0
4;107300;SNACKPACK_CHOCOLATE;9886;25;9884;58;;;9902;25;9904;58;;;9894.0;0.0
4;107400;SNACKPACK_CHOCOLATE;9887;29;9885;42;;;9904;29;9906;42;;;9895.5;0.0
4;107500;SNACKPACK_CHOCOLATE;9888;27;9886;52;;;9905;27;9907;52;;;9896.5;0.0
4;107600;SNACKPACK_CHOCOLATE;9881;21;9879;57;;;9897;21;9899;57;;;9889.0;0.0
4;107700;SNACKPACK_CHOCOLATE;9881;20;9879;52;;;9898;20;9900;52;;;9889.5;0.0
4;107800;SNACKPACK_CHOCOLATE;9877;30;9875;43;;;9894;30;9896;43;;;9885.5;0.0
4;107900;SNACKPACK_CHOCOLATE;9875;36;9873;47;;;9892;36;9894;47;;;9883.5;0.0
4;108000;SNACKPACK_CHOCOLATE;9879;28;9877;50;;;9896;28;9898;50;;;9887.5;0.0
4;108100;SNACKPACK_CHOCOLATE;9887;30;9885;41;;;9904;30;9906;41;;;9895.5;0.0
4;108200;SNACKPACK_CHOCOLATE;9897;29;9895;44;;;9914;29;9916;44;;;9905.5;0.0
4;108300;SNACKPACK_CHOCOLATE;9892;32;9890;44;;;9909;32;9911;44;;;9900.5;0.0
4;108400;SNACKPACK_CHOCOLATE;9893;40;9891;56;;;9910;40;9912;56;;;9901.5;0.0
4;108500;SNACKPACK_CHOCOLATE;9891;34;9889;52;;;9908;34;9910;52;;;9899.5;0.0
4;108600;SNACKPACK_CHOCOLATE;9891;35;9889;60;;;9908;35;9910;60;;;9899.5;0.0
4;108700;SNACKPACK_CHOCOLATE;9883;20;9881;58;;;9900;20;9901;58;;;9891.5;0.0
4;108800;SNACKPACK_CHOCOLATE;9886;28;9884;54;;;9903;28;9905;54;;;9894.5;0.0
4;108900;SNACKPACK_CHOCOLATE;9885;37;9883;41;;;9902;37;9904;41;;;9893.5;0.0
4;109000;SNACKPACK_CHOCOLATE;9890;21;9888;48;;;9906;21;9908;48;;;9898.0;0.0
4;109100;SNACKPACK_CHOCOLATE;9896;25;9894;52;;;9912;25;9914;52;;;9904.0;0.0
4;109200;SNACKPACK_CHOCOLATE;9891;36;9889;45;;;9908;36;9910;45;;;9899.5;0.0
4;109300;SNACKPACK_CHOCOLATE;9894;35;9892;43;;;9911;35;9913;43;;;9902.5;0.0
4;109400;SNACKPACK_CHOCOLATE;9885;37;9883;41;;;9902;37;9904;41;;;9893.5;0.0
4;109500;SNACKPACK_CHOCOLATE;9889;38;9887;49;;;9906;38;9908;49;;;9897.5;0.0
4;109600;SNACKPACK_CHOCOLATE;9888;39;9886;49;;;9905;39;9906;49;;;9896.5;0.0
4;109700;SNACKPACK_CHOCOLATE;9881;35;9879;52;;;9898;35;9900;52;;;9889.5;0.0
4;109800;SNACKPACK_CHOCOLATE;9877;35;9875;59;;;9894;35;9896;59;;;9885.5;0.0
4;109900;SNACKPACK_CHOCOLATE;9873;29;9871;42;;;9890;29;9892;42;;;9881.5;0.0
4;110000;SNACKPACK_CHOCOLATE;9882;2;9874;29;9872;53;9891;29;9892;53;;;9886.5;0.0
4;110100;SNACKPACK_CHOCOLATE;9865;39;9863;52;;;9882;39;9884;52;;;9873.5;0.0
4;110200;SNACKPACK_CHOCOLATE;9865;26;9863;52;;;9882;26;9884;52;;;9873.5;0.0
4;110300;SNACKPACK_CHOCOLATE;9866;21;9864;42;;;9883;21;9885;42;;;9874.5;0.0
4;110400;SNACKPACK_CHOCOLATE;9859;24;9857;50;;;9875;24;9877;50;;;9867.0;0.0
4;110500;SNACKPACK_CHOCOLATE;9854;27;9852;53;;;9870;27;9872;53;;;9862.0;0.0
4;110600;SNACKPACK_CHOCOLATE;9846;36;9844;41;;;9863;36;9865;41;;;9854.5;0.0
4;110700;SNACKPACK_CHOCOLATE;9843;22;9841;57;;;9860;22;9862;57;;;9851.5;0.0
4;110800;SNACKPACK_CHOCOLATE;9852;30;9850;52;;;9869;30;9871;52;;;9860.5;0.0
4;110900;SNACKPACK_CHOCOLATE;9843;37;9841;40;;;9860;37;9862;40;;;9851.5;0.0
4;111000;SNACKPACK_CHOCOLATE;9851;37;9849;57;;;9867;37;9869;57;;;9859.0;0.0
4;111100;SNACKPACK_CHOCOLATE;9851;31;9850;51;;;9868;31;9870;51;;;9859.5;0.0
4;111200;SNACKPACK_CHOCOLATE;9866;34;9864;51;;;9883;34;9885;51;;;9874.5;0.0
4;111300;SNACKPACK_CHOCOLATE;9861;20;9859;49;;;9878;20;9880;49;;;9869.5;0.0
4;111400;SNACKPACK_CHOCOLATE;9867;23;9865;55;;;9884;23;9886;55;;;9875.5;0.0
4;111500;SNACKPACK_CHOCOLATE;9865;22;9863;46;;;9881;22;9883;46;;;9873.0;0.0
4;111600;SNACKPACK_CHOCOLATE;9875;2;9868;35;9866;43;9884;35;9886;43;;;9879.5;0.0
4;111700;SNACKPACK_CHOCOLATE;9866;26;9864;54;;;9883;26;9884;54;;;9874.5;0.0
4;111800;SNACKPACK_CHOCOLATE;9858;22;9856;60;;;9875;22;9877;60;;;9866.5;0.0
4;111900;SNACKPACK_CHOCOLATE;9862;31;9860;44;;;9879;31;9881;44;;;9870.5;0.0
4;112000;SNACKPACK_CHOCOLATE;9864;29;9862;49;;;9881;29;9883;49;;;9872.5;0.0
4;112100;SNACKPACK_CHOCOLATE;9866;26;9864;53;;;9883;26;9885;53;;;9874.5;0.0
4;112200;SNACKPACK_CHOCOLATE;9861;36;9859;48;;;9878;36;9880;48;;;9869.5;0.0
4;112300;SNACKPACK_CHOCOLATE;9868;23;9866;44;;;9884;23;9886;44;;;9876.0;0.0
4;112400;SNACKPACK_CHOCOLATE;9883;34;9881;42;;;9900;34;9902;42;;;9891.5;0.0
4;112500;SNACKPACK_CHOCOLATE;9889;36;9887;58;;;9905;36;9907;58;;;9897.0;0.0
4;112600;SNACKPACK_CHOCOLATE;9894;25;9892;54;;;9911;25;9913;54;;;9902.5;0.0
4;112700;SNACKPACK_CHOCOLATE;9896;24;9894;40;;;9913;24;9915;40;;;9904.5;0.0
4;112800;SNACKPACK_CHOCOLATE;9894;27;9892;40;;;9911;27;9913;40;;;9902.5;0.0
4;112900;SNACKPACK_CHOCOLATE;9893;22;9891;51;;;9910;22;9912;51;;;9901.5;0.0
4;113000;SNACKPACK_CHOCOLATE;9900;39;9898;49;;;9917;39;9918;49;;;9908.5;0.0
4;113100;SNACKPACK_CHOCOLATE;9908;30;9906;49;;;9925;30;9927;49;;;9916.5;0.0
4;113200;SNACKPACK_CHOCOLATE;9912;32;9910;51;;;9929;32;9931;51;;;9920.5;0.0
4;113300;SNACKPACK_CHOCOLATE;9915;26;9913;54;;;9931;26;9933;54;;;9923.0;0.0
4;113400;SNACKPACK_CHOCOLATE;9921;35;9919;50;;;9938;35;9940;50;;;9929.5;0.0
4;113500;SNACKPACK_CHOCOLATE;9914;34;9912;58;;;9931;34;9933;58;;;9922.5;0.0
4;113600;SNACKPACK_CHOCOLATE;9913;35;9911;48;;;9930;35;9932;48;;;9921.5;0.0
4;113700;SNACKPACK_CHOCOLATE;9912;28;9910;48;;;9929;28;9931;48;;;9920.5;0.0
4;113800;SNACKPACK_CHOCOLATE;9917;23;9915;56;;;9934;23;9936;56;;;9925.5;0.0
4;113900;SNACKPACK_CHOCOLATE;9917;21;9915;60;;;9934;21;9936;60;;;9925.5;0.0
4;114000;SNACKPACK_CHOCOLATE;9914;31;9912;53;;;9931;31;9933;53;;;9922.5;0.0
4;114100;SNACKPACK_CHOCOLATE;9915;38;9913;54;;;9932;38;9934;54;;;9923.5;0.0
4;114200;SNACKPACK_CHOCOLATE;9924;39;9922;59;;;9941;39;9943;59;;;9932.5;0.0
4;114300;SNACKPACK_CHOCOLATE;9928;21;9926;53;;;9945;21;9947;53;;;9936.5;0.0
4;114400;SNACKPACK_CHOCOLATE;9932;4;9924;39;9922;41;9941;39;9943;41;;;9936.5;0.0
4;114500;SNACKPACK_CHOCOLATE;9914;26;9912;56;;;9931;26;9933;56;;;9922.5;0.0
4;114600;SNACKPACK_CHOCOLATE;9908;35;9906;46;;;9925;35;9927;46;;;9916.5;0.0
4;114700;SNACKPACK_CHOCOLATE;9895;34;9893;40;;;9912;34;9914;40;;;9903.5;0.0
4;114800;SNACKPACK_CHOCOLATE;9885;34;9883;54;;;9902;34;9904;54;;;9893.5;0.0
4;114900;SNACKPACK_CHOCOLATE;9885;20;9883;60;;;9902;20;9904;60;;;9893.5;0.0
4;115000;SNACKPACK_CHOCOLATE;9893;24;9891;48;;;9910;24;9912;48;;;9901.5;0.0
4;115100;SNACKPACK_CHOCOLATE;9903;25;9901;53;;;9920;25;9922;53;;;9911.5;0.0
4;115200;SNACKPACK_CHOCOLATE;9893;35;9891;59;;;9909;35;9911;59;;;9901.0;0.0
4;115300;SNACKPACK_CHOCOLATE;9892;31;9890;54;;;9909;31;9911;54;;;9900.5;0.0
4;115400;SNACKPACK_CHOCOLATE;9898;26;9896;57;;;9915;26;9917;57;;;9906.5;0.0
4;115500;SNACKPACK_CHOCOLATE;9904;34;9902;55;;;9921;34;9923;55;;;9912.5;0.0
4;115600;SNACKPACK_CHOCOLATE;9895;31;9893;56;;;9912;31;9914;56;;;9903.5;0.0
4;115700;SNACKPACK_CHOCOLATE;9888;31;9886;40;;;9905;31;9907;40;;;9896.5;0.0
4;115800;SNACKPACK_CHOCOLATE;9897;27;9895;51;;;9914;27;9916;51;;;9905.5;0.0
4;115900;SNACKPACK_CHOCOLATE;9904;20;9902;53;;;9921;20;9923;53;;;9912.5;0.0
4;116000;SNACKPACK_CHOCOLATE;9911;40;9909;48;;;9928;40;9930;48;;;9919.5;0.0
4;116100;SNACKPACK_CHOCOLATE;9912;30;9910;55;;;9929;30;9931;55;;;9920.5;0.0
4;116200;SNACKPACK_CHOCOLATE;9904;38;9902;60;;;9920;38;9922;60;;;9912.0;0.0
4;116300;SNACKPACK_CHOCOLATE;9899;37;9897;49;;;9916;37;9918;49;;;9907.5;0.0
4;116400;SNACKPACK_CHOCOLATE;9900;31;9898;57;;;9917;31;9919;57;;;9908.5;0.0
4;116500;SNACKPACK_CHOCOLATE;9900;20;9898;58;;;9917;20;9919;58;;;9908.5;0.0
4;116600;SNACKPACK_CHOCOLATE;9904;28;9902;45;;;9921;28;9923;45;;;9912.5;0.0
4;116700;SNACKPACK_CHOCOLATE;9905;36;9903;54;;;9921;36;9923;54;;;9913.0;0.0
4;116800;SNACKPACK_CHOCOLATE;9910;34;9908;59;;;9926;34;9928;59;;;9918.0;0.0
4;116900;SNACKPACK_CHOCOLATE;9912;37;9910;52;;;9928;37;9930;52;;;9920.0;0.0
4;117000;SNACKPACK_CHOCOLATE;9917;38;9915;40;;;9933;38;9935;40;;;9925.0;0.0
4;117100;SNACKPACK_CHOCOLATE;9917;31;9915;53;;;9934;31;9936;53;;;9925.5;0.0
4;117200;SNACKPACK_CHOCOLATE;9913;36;9911;51;;;9930;36;9932;51;;;9921.5;0.0
4;117300;SNACKPACK_CHOCOLATE;9910;30;9908;43;;;9927;30;9929;43;;;9918.5;0.0
4;117400;SNACKPACK_CHOCOLATE;9916;38;9914;48;;;9933;38;9935;48;;;9924.5;0.0
4;117500;SNACKPACK_CHOCOLATE;9922;37;9920;43;;;9939;37;9941;43;;;9930.5;0.0
4;117600;SNACKPACK_CHOCOLATE;9924;39;9922;43;;;9941;39;9943;43;;;9932.5;0.0
4;117700;SNACKPACK_CHOCOLATE;9913;39;9911;43;;;9930;39;9932;43;;;9921.5;0.0
4;117800;SNACKPACK_CHOCOLATE;9914;29;9912;50;;;9931;29;9933;50;;;9922.5;0.0
4;117900;SNACKPACK_CHOCOLATE;9913;21;9911;54;;;9930;21;9932;54;;;9921.5;0.0
4;118000;SNACKPACK_CHOCOLATE;9911;37;9909;47;;;9928;37;9930;47;;;9919.5;0.0
4;118100;SNACKPACK_CHOCOLATE;9908;26;9906;49;;;9925;26;9927;49;;;9916.5;0.0
4;118200;SNACKPACK_CHOCOLATE;9914;34;9912;48;;;9931;34;9933;48;;;9922.5;0.0
4;118300;SNACKPACK_CHOCOLATE;9924;29;9922;59;;;9941;29;9943;59;;;9932.5;0.0
4;118400;SNACKPACK_CHOCOLATE;9931;22;9929;41;;;9948;22;9950;41;;;9939.5;0.0
4;118500;SNACKPACK_CHOCOLATE;9935;37;9933;58;;;9943;3;9952;37;9954;58;9939.0;0.0
4;118600;SNACKPACK_CHOCOLATE;9943;35;9941;60;;;9960;35;9962;60;;;9951.5;0.0
4;118700;SNACKPACK_CHOCOLATE;9950;37;9948;58;;;9967;37;9969;58;;;9958.5;0.0
4;118800;SNACKPACK_CHOCOLATE;9950;32;9948;41;;;9967;32;9969;41;;;9958.5;0.0
4;118900;SNACKPACK_CHOCOLATE;9940;20;9938;43;;;9956;20;9958;43;;;9948.0;0.0
4;119000;SNACKPACK_CHOCOLATE;9944;27;9942;59;;;9961;27;9963;59;;;9952.5;0.0
4;119100;SNACKPACK_CHOCOLATE;9949;36;9947;45;;;9965;36;9967;45;;;9957.0;0.0
4;119200;SNACKPACK_CHOCOLATE;9946;25;9944;52;;;9963;25;9965;52;;;9954.5;0.0
4;119300;SNACKPACK_CHOCOLATE;9954;32;9952;48;;;9971;32;9973;48;;;9962.5;0.0
4;119400;SNACKPACK_CHOCOLATE;9962;24;9960;43;;;9979;24;9981;43;;;9970.5;0.0
4;119500;SNACKPACK_CHOCOLATE;9977;26;9975;47;;;9994;26;9996;47;;;9985.5;0.0
4;119600;SNACKPACK_CHOCOLATE;9973;21;9971;53;;;9990;21;9992;53;;;9981.5;0.0
4;119700;SNACKPACK_CHOCOLATE;9961;30;9959;46;;;9978;30;9980;46;;;9969.5;0.0
4;119800;SNACKPACK_CHOCOLATE;9953;26;9951;51;;;9970;26;9972;51;;;9961.5;0.0
4;119900;SNACKPACK_CHOCOLATE;9959;24;9957;48;;;9976;24;9978;48;;;9967.5;0.0
4;120000;SNACKPACK_CHOCOLATE;9960;29;9958;59;;;9977;29;9979;59;;;9968.5;0.0
4;120100;SNACKPACK_CHOCOLATE;9955;26;9953;59;;;9972;26;9974;59;;;9963.5;0.0
4;120200;SNACKPACK_CHOCOLATE;9957;21;9955;43;;;9974;21;9976;43;;;9965.5;0.0
4;120300;SNACKPACK_CHOCOLATE;9953;20;9951;46;;;9970;20;9972;46;;;9961.5;0.0
4;120400;SNACKPACK_CHOCOLATE;9955;22;9953;58;;;9972;22;9974;58;;;9963.5;0.0
4;120500;SNACKPACK_CHOCOLATE;9952;25;9950;43;;;9969;25;9971;43;;;9960.5;0.0
4;120600;SNACKPACK_CHOCOLATE;9954;31;9952;53;;;9971;31;9973;53;;;9962.5;0.0
4;120700;SNACKPACK_CHOCOLATE;9937;34;9935;51;;;9953;34;9955;51;;;9945.0;0.0
4;120800;SNACKPACK_CHOCOLATE;9940;35;9938;40;;;9957;35;9959;40;;;9948.5;0.0
4;120900;SNACKPACK_CHOCOLATE;9943;40;9941;47;;;9960;40;9962;47;;;9951.5;0.0
4;121000;SNACKPACK_CHOCOLATE;9961;21;9959;43;;;9978;21;9980;43;;;9969.5;0.0
4;121100;SNACKPACK_CHOCOLATE;9957;25;9955;51;;;9974;25;9976;51;;;9965.5;0.0
4;121200;SNACKPACK_CHOCOLATE;9962;33;9960;54;;;9979;33;9981;54;;;9970.5;0.0
4;121300;SNACKPACK_CHOCOLATE;9971;2;9963;25;9961;42;9980;25;9982;42;;;9975.5;0.0
4;121400;SNACKPACK_CHOCOLATE;9941;30;9939;50;;;9958;30;9960;50;;;9949.5;0.0
4;121500;SNACKPACK_CHOCOLATE;9942;22;9940;40;;;9959;22;9961;40;;;9950.5;0.0
4;121600;SNACKPACK_CHOCOLATE;9945;33;9943;58;;;9962;33;9964;58;;;9953.5;0.0
4;121700;SNACKPACK_CHOCOLATE;9945;21;9943;58;;;9962;21;9964;58;;;9953.5;0.0
4;121800;SNACKPACK_CHOCOLATE;9945;40;9943;44;;;9962;40;9964;44;;;9953.5;0.0
4;121900;SNACKPACK_CHOCOLATE;9942;33;9940;58;;;9959;33;9961;58;;;9950.5;0.0
4;122000;SNACKPACK_CHOCOLATE;9937;39;9935;50;;;9954;39;9956;50;;;9945.5;0.0
4;122100;SNACKPACK_CHOCOLATE;9942;38;9940;40;;;9959;38;9961;40;;;9950.5;0.0
4;122200;SNACKPACK_CHOCOLATE;9932;25;9930;52;;;9949;25;9951;52;;;9940.5;0.0
4;122300;SNACKPACK_CHOCOLATE;9936;21;9934;60;;;9953;21;9955;60;;;9944.5;0.0
4;122400;SNACKPACK_CHOCOLATE;9938;34;9936;49;;;9955;34;9957;49;;;9946.5;0.0
4;122500;SNACKPACK_CHOCOLATE;9920;33;9918;60;;;9937;33;9939;60;;;9928.5;0.0
4;122600;SNACKPACK_CHOCOLATE;9931;26;9929;54;;;9948;26;9950;54;;;9939.5;0.0
4;122700;SNACKPACK_CHOCOLATE;9936;39;9934;56;;;9953;39;9955;56;;;9944.5;0.0
4;122800;SNACKPACK_CHOCOLATE;9927;40;9925;48;;;9944;40;9946;48;;;9935.5;0.0
4;122900;SNACKPACK_CHOCOLATE;9942;33;9941;46;;;9959;33;9961;46;;;9950.5;0.0
4;123000;SNACKPACK_CHOCOLATE;9941;30;9939;54;;;9958;30;9960;54;;;9949.5;0.0
4;123100;SNACKPACK_CHOCOLATE;9942;25;9940;54;;;9959;25;9961;54;;;9950.5;0.0
4;123200;SNACKPACK_CHOCOLATE;9940;21;9938;52;;;9957;21;9959;52;;;9948.5;0.0
4;123300;SNACKPACK_CHOCOLATE;9944;27;9942;45;;;9961;27;9963;45;;;9952.5;0.0
4;123400;SNACKPACK_CHOCOLATE;9931;37;9929;41;;;9948;37;9950;41;;;9939.5;0.0
4;123500;SNACKPACK_CHOCOLATE;9926;35;9924;57;;;9943;35;9945;57;;;9934.5;0.0
4;123600;SNACKPACK_CHOCOLATE;9921;21;9919;44;;;9938;21;9940;44;;;9929.5;0.0
4;123700;SNACKPACK_CHOCOLATE;9926;38;9924;45;;;9943;38;9945;45;;;9934.5;0.0
4;123800;SNACKPACK_CHOCOLATE;9936;26;9934;49;;;9953;26;9955;49;;;9944.5;0.0
4;123900;SNACKPACK_CHOCOLATE;9933;23;9931;43;;;9950;23;9952;43;;;9941.5;0.0
4;124000;SNACKPACK_CHOCOLATE;9936;34;9934;46;;;9952;34;9954;46;;;9944.0;0.0
4;124100;SNACKPACK_CHOCOLATE;9931;31;9929;49;;;9948;31;9950;49;;;9939.5;0.0
4;124200;SNACKPACK_CHOCOLATE;9923;33;9921;59;;;9939;33;9941;59;;;9931.0;0.0
4;124300;SNACKPACK_CHOCOLATE;9913;32;9911;42;;;9930;32;9932;42;;;9921.5;0.0
4;124400;SNACKPACK_CHOCOLATE;9926;34;9924;40;;;9943;34;9945;40;;;9934.5;0.0
4;124500;SNACKPACK_CHOCOLATE;9928;31;9926;41;;;9945;31;9947;41;;;9936.5;0.0
4;124600;SNACKPACK_CHOCOLATE;9937;31;9935;52;;;9954;31;9956;52;;;9945.5;0.0
4;124700;SNACKPACK_CHOCOLATE;9930;23;9928;48;;;9947;23;9949;48;;;9938.5;0.0
4;124800;SNACKPACK_CHOCOLATE;9930;33;9928;41;;;9947;33;9949;41;;;9938.5;0.0
4;124900;SNACKPACK_CHOCOLATE;9925;34;9923;48;;;9942;34;9944;48;;;9933.5;0.0
4;125000;SNACKPACK_CHOCOLATE;9930;26;9928;54;;;9947;26;9949;54;;;9938.5;0.0
4;125100;SNACKPACK_CHOCOLATE;9929;38;9927;54;;;9946;38;9948;54;;;9937.5;0.0
4;125200;SNACKPACK_CHOCOLATE;9923;40;9921;46;;;9940;40;9942;46;;;9931.5;0.0
4;125300;SNACKPACK_CHOCOLATE;9929;22;9927;50;;;9946;22;9948;50;;;9937.5;0.0
4;125400;SNACKPACK_CHOCOLATE;9923;38;9921;57;;;9940;38;9942;57;;;9931.5;0.0
4;125500;SNACKPACK_CHOCOLATE;9933;22;9931;59;;;9950;22;9952;59;;;9941.5;0.0
4;125600;SNACKPACK_CHOCOLATE;9937;40;9935;49;;;9954;40;9956;49;;;9945.5;0.0
4;125700;SNACKPACK_CHOCOLATE;9939;39;9937;59;;;9956;39;9958;59;;;9947.5;0.0
4;125800;SNACKPACK_CHOCOLATE;9962;37;9960;47;;;9979;37;9981;47;;;9970.5;0.0
4;125900;SNACKPACK_CHOCOLATE;9961;33;9959;57;;;9978;33;9980;57;;;9969.5;0.0
4;126000;SNACKPACK_CHOCOLATE;9967;21;9965;58;;;9984;21;9986;58;;;9975.5;0.0
4;126100;SNACKPACK_CHOCOLATE;9966;36;9964;42;;;9983;36;9985;42;;;9974.5;0.0
4;126200;SNACKPACK_CHOCOLATE;9961;37;9959;59;;;9978;37;9980;59;;;9969.5;0.0
4;126300;SNACKPACK_CHOCOLATE;9971;29;9969;51;;;9988;29;9990;51;;;9979.5;0.0
4;126400;SNACKPACK_CHOCOLATE;9958;24;9956;57;;;9975;24;9977;57;;;9966.5;0.0
4;126500;SNACKPACK_CHOCOLATE;9956;32;9954;47;;;9973;32;9975;47;;;9964.5;0.0
4;126600;SNACKPACK_CHOCOLATE;9963;33;9961;59;;;9980;33;9982;59;;;9971.5;0.0
4;126700;SNACKPACK_CHOCOLATE;9970;40;9968;50;;;9978;3;9987;40;9989;50;9974.0;0.0
4;126800;SNACKPACK_CHOCOLATE;9976;22;9974;57;;;9993;22;9995;57;;;9984.5;0.0
4;126900;SNACKPACK_CHOCOLATE;9969;26;9967;50;;;9986;26;9988;50;;;9977.5;0.0
4;127000;SNACKPACK_CHOCOLATE;9966;24;9964;56;;;9983;24;9985;56;;;9974.5;0.0
4;127100;SNACKPACK_CHOCOLATE;9969;24;9967;44;;;9986;24;9988;44;;;9977.5;0.0
4;127200;SNACKPACK_CHOCOLATE;9966;28;9964;55;;;9983;28;9985;55;;;9974.5;0.0
4;127300;SNACKPACK_CHOCOLATE;9972;38;9970;50;;;9989;38;9991;50;;;9980.5;0.0
4;127400;SNACKPACK_CHOCOLATE;9967;23;9965;49;;;9984;23;9986;49;;;9975.5;0.0
4;127500;SNACKPACK_CHOCOLATE;9970;27;9968;54;;;9987;27;9989;54;;;9978.5;0.0
4;127600;SNACKPACK_CHOCOLATE;9983;23;9981;45;;;10000;23;10002;45;;;9991.5;0.0
4;127700;SNACKPACK_CHOCOLATE;9995;40;9993;48;;;10012;40;10014;48;;;10003.5;0.0
4;127800;SNACKPACK_CHOCOLATE;9987;33;9985;46;;;10004;33;10006;46;;;9995.5;0.0
4;127900;SNACKPACK_CHOCOLATE;9981;37;9979;56;;;9998;37;10000;56;;;9989.5;0.0
4;128000;SNACKPACK_CHOCOLATE;9983;28;9981;48;;;10000;28;10002;48;;;9991.5;0.0
4;128100;SNACKPACK_CHOCOLATE;9983;29;9981;54;;;10000;29;10002;54;;;9991.5;0.0
4;128200;SNACKPACK_CHOCOLATE;9997;29;9995;52;;;10014;29;10016;52;;;10005.5;0.0
4;128300;SNACKPACK_CHOCOLATE;9996;29;9994;54;;;10013;29;10015;54;;;10004.5;0.0
4;128400;SNACKPACK_CHOCOLATE;9983;33;9981;58;;;10000;33;10002;58;;;9991.5;0.0
4;128500;SNACKPACK_CHOCOLATE;9976;35;9974;56;;;9993;35;9995;56;;;9984.5;0.0
4;128600;SNACKPACK_CHOCOLATE;9967;33;9965;43;;;9984;33;9986;43;;;9975.5;0.0
4;128700;SNACKPACK_CHOCOLATE;9970;40;9968;55;;;9987;40;9989;55;;;9978.5;0.0
4;128800;SNACKPACK_CHOCOLATE;9975;25;9973;53;;;9992;25;9994;53;;;9983.5;0.0
4;128900;SNACKPACK_CHOCOLATE;9965;28;9963;47;;;9982;28;9984;47;;;9973.5;0.0
4;129000;SNACKPACK_CHOCOLATE;9966;5;9958;36;9956;54;9975;36;9977;54;;;9970.5;0.0
4;129100;SNACKPACK_CHOCOLATE;9962;37;9960;55;;;9979;37;9981;55;;;9970.5;0.0
4;129200;SNACKPACK_CHOCOLATE;9960;28;9958;47;;;9977;28;9979;47;;;9968.5;0.0
4;129300;SNACKPACK_CHOCOLATE;9948;23;9946;40;;;9965;23;9967;40;;;9956.5;0.0
4;129400;SNACKPACK_CHOCOLATE;9939;22;9937;56;;;9956;22;9958;56;;;9947.5;0.0
4;129500;SNACKPACK_CHOCOLATE;9940;31;9938;42;;;9956;31;9958;42;;;9948.0;0.0
4;129600;SNACKPACK_CHOCOLATE;9940;20;9938;46;;;9948;3;9957;20;9959;46;9944.0;0.0
4;129700;SNACKPACK_CHOCOLATE;9927;36;9925;42;;;9944;36;9946;42;;;9935.5;0.0
4;129800;SNACKPACK_CHOCOLATE;9926;28;9924;47;;;9942;28;9944;47;;;9934.0;0.0
4;129900;SNACKPACK_CHOCOLATE;9929;35;9927;48;;;9946;35;9948;48;;;9937.5;0.0
4;130000;SNACKPACK_CHOCOLATE;9925;23;9923;43;;;9942;23;9944;43;;;9933.5;0.0
4;130100;SNACKPACK_CHOCOLATE;9918;22;9916;55;;;9934;22;9936;55;;;9926.0;0.0
4;130200;SNACKPACK_CHOCOLATE;9933;4;9925;23;9923;60;9942;23;9944;60;;;9937.5;0.0
4;130300;SNACKPACK_CHOCOLATE;9918;28;9916;40;;;9935;28;9937;40;;;9926.5;0.0
4;130400;SNACKPACK_CHOCOLATE;9925;31;9923;46;;;9942;31;9944;46;;;9933.5;0.0
4;130500;SNACKPACK_CHOCOLATE;9929;37;9927;60;;;9946;37;9948;60;;;9937.5;0.0
4;130600;SNACKPACK_CHOCOLATE;9939;31;9937;60;;;9955;31;9957;60;;;9947.0;0.0
4;130700;SNACKPACK_CHOCOLATE;9941;33;9939;54;;;9958;33;9960;54;;;9949.5;0.0
4;130800;SNACKPACK_CHOCOLATE;9936;32;9934;51;;;9953;32;9955;51;;;9944.5;0.0
4;130900;SNACKPACK_CHOCOLATE;9939;34;9937;42;;;9955;34;9957;42;;;9947.0;0.0
4;131000;SNACKPACK_CHOCOLATE;9934;21;9932;47;;;9951;21;9953;47;;;9942.5;0.0
4;131100;SNACKPACK_CHOCOLATE;9931;22;9929;56;;;9948;22;9950;56;;;9939.5;0.0
4;131200;SNACKPACK_CHOCOLATE;9928;40;9926;57;;;9945;40;9947;57;;;9936.5;0.0
4;131300;SNACKPACK_CHOCOLATE;9935;34;9933;47;;;9952;34;9954;47;;;9943.5;0.0
4;131400;SNACKPACK_CHOCOLATE;9936;20;9934;41;;;9953;20;9955;41;;;9944.5;0.0
4;131500;SNACKPACK_CHOCOLATE;9938;20;9936;41;;;9955;20;9957;41;;;9946.5;0.0
4;131600;SNACKPACK_CHOCOLATE;9946;26;9944;50;;;9963;26;9965;50;;;9954.5;0.0
4;131700;SNACKPACK_CHOCOLATE;9942;27;9940;48;;;9959;27;9961;48;;;9950.5;0.0
4;131800;SNACKPACK_CHOCOLATE;9938;25;9936;45;;;9955;25;9957;45;;;9946.5;0.0
4;131900;SNACKPACK_CHOCOLATE;9924;32;9922;46;;;9941;32;9943;46;;;9932.5;0.0
4;132000;SNACKPACK_CHOCOLATE;9931;27;9929;57;;;9948;27;9950;57;;;9939.5;0.0
4;132100;SNACKPACK_CHOCOLATE;9924;33;9922;40;;;9941;33;9943;40;;;9932.5;0.0
4;132200;SNACKPACK_CHOCOLATE;9925;33;9923;56;;;9942;33;9944;56;;;9933.5;0.0
4;132300;SNACKPACK_CHOCOLATE;9929;27;9927;48;;;9946;27;9948;48;;;9937.5;0.0
