day;timestamp;product;bid_price_1;bid_volume_1;bid_price_2;bid_volume_2;bid_price_3;bid_volume_3;ask_price_1;ask_volume_1;ask_price_2;ask_volume_2;ask_price_3;ask_volume_3;mid_price;profit_and_loss
4;0;SNACKPACK_PISTACHIO;9387;33;9385;42;;;9403;33;9405;42;;;9395.0;0.0
4;0;SNACKPACK_STRAWBERRY;10795;33;10793;42;;;10813;33;10815;42;;;10804.0;0.0
4;0;SNACKPACK_VANILLA;10013;33;10011;42;;;10030;33;10032;42;;;10021.5;0.0
4;0;SNACKPACK_CHOCOLATE;9835;33;9833;42;;;9852;33;9854;42;;;9843.5;0.0
4;0;SNACKPACK_RASPBERRY;10112;33;10110;42;;;10129;33;10131;42;;;10120.5;0.0
4;100;SNACKPACK_PISTACHIO;9384;39;9382;59;;;9400;39;9402;59;;;9392.0;0.0
4;100;SNACKPACK_STRAWBERRY;10797;39;10794;59;;;10815;39;10817;59;;;10806.0;0.0
4;100;SNACKPACK_RASPBERRY;10111;39;10109;59;;;10129;39;10131;59;;;10120.0;0.0
4;100;SNACKPACK_VANILLA;10012;39;10010;59;;;10029;39;10031;59;;;10020.5;0.0
4;100;SNACKPACK_CHOCOLATE;9838;39;9836;59;;;9855;39;9857;59;;;9846.5;0.0
4;200;SNACKPACK_PISTACHIO;9391;28;9389;41;;;9407;28;9409;41;;;9399.0;0.0
4;200;SNACKPACK_STRAWBERRY;10811;28;10809;41;;;10829;28;10832;41;;;10820.0;0.0
4;200;SNACKPACK_RASPBERRY;10096;28;10094;41;;;10114;28;10116;41;;;10105.0;0.0
4;200;SNACKPACK_CHOCOLATE;9837;28;9835;41;;;9853;28;9855;41;;;9845.0;0.0
4;200;SNACKPACK_VANILLA;10013;28;10011;41;;;10030;28;10032;41;;;10021.5;0.0
4;300;SNACKPACK_CHOCOLATE;9818;25;9816;56;;;9835;25;9837;56;;;9826.5;0.0
4;300;SNACKPACK_STRAWBERRY;10808;25;10806;56;;;10827;25;10829;56;;;10817.5;0.0
4;300;SNACKPACK_RASPBERRY;10099;25;10097;56;;;10116;25;10118;56;;;10107.5;0.0
4;300;SNACKPACK_PISTACHIO;9391;25;9389;56;;;9407;25;9409;56;;;9399.0;0.0
4;300;SNACKPACK_VANILLA;10029;25;10027;56;;;10046;25;10048;56;;;10037.5;0.0
4;400;SNACKPACK_RASPBERRY;10118;26;10116;54;;;10135;26;10137;54;;;10126.5;0.0
4;400;SNACKPACK_CHOCOLATE;9814;26;9812;54;;;9831;26;9833;54;;;9822.5;0.0
4;400;SNACKPACK_STRAWBERRY;10792;26;10790;54;;;10810;26;10813;54;;;10801.0;0.0
4;400;SNACKPACK_PISTACHIO;9380;26;9378;54;;;9396;26;9398;54;;;9388.0;0.0
4;400;SNACKPACK_VANILLA;10035;26;10032;54;;;10052;26;10054;54;;;10043.5;0.0
4;500;SNACKPACK_VANILLA;10043;36;10041;47;;;10060;36;10062;47;;;10051.5;0.0
4;500;SNACKPACK_RASPBERRY;10120;36;10118;47;;;10137;36;10139;47;;;10128.5;0.0
4;500;SNACKPACK_CHOCOLATE;9802;36;9800;47;;;9819;36;9821;47;;;9810.5;0.0
4;500;SNACKPACK_STRAWBERRY;10791;36;10788;47;;;10809;36;10811;47;;;10800.0;0.0
4;500;SNACKPACK_PISTACHIO;9375;36;9374;47;;;9391;36;9393;47;;;9383.0;0.0
4;600;SNACKPACK_RASPBERRY;10127;30;10125;42;;;10144;30;10146;42;;;10135.5;0.0
4;600;SNACKPACK_VANILLA;10044;30;10042;42;;;10061;30;10063;42;;;10052.5;0.0
4;600;SNACKPACK_CHOCOLATE;9800;30;9798;42;;;9817;30;9819;42;;;9808.5;0.0
4;600;SNACKPACK_PISTACHIO;9369;30;9368;42;;;9385;30;9387;42;;;9377.0;0.0
4;600;SNACKPACK_STRAWBERRY;10785;30;10783;42;;;10803;30;10805;42;;;10794.0;0.0
4;700;SNACKPACK_STRAWBERRY;10790;33;10788;40;;;10808;33;10810;40;;;10799.0;0.0
4;700;SNACKPACK_RASPBERRY;10123;33;10121;40;;;10140;33;10142;40;;;10131.5;0.0
4;700;SNACKPACK_VANILLA;10045;33;10043;40;;;10062;33;10064;40;;;10053.5;0.0
4;700;SNACKPACK_CHOCOLATE;9800;33;9798;40;;;9817;33;9819;40;;;9808.5;0.0
4;700;SNACKPACK_PISTACHIO;9370;33;9368;40;;;9386;33;9388;40;;;9378.0;0.0
4;800;SNACKPACK_STRAWBERRY;10809;35;10807;47;;;10828;35;10830;47;;;10818.5;0.0
4;800;SNACKPACK_CHOCOLATE;9796;35;9795;47;;;9813;35;9815;47;;;9804.5;0.0
4;800;SNACKPACK_RASPBERRY;10102;35;10100;47;;;10119;35;10121;47;;;10110.5;0.0
4;800;SNACKPACK_PISTACHIO;9380;35;9378;47;;;9396;35;9398;47;;;9388.0;0.0
4;800;SNACKPACK_VANILLA;10047;35;10045;47;;;10064;35;10066;47;;;10055.5;0.0
4;900;SNACKPACK_CHOCOLATE;9799;23;9797;50;;;9815;23;9817;50;;;9807.0;0.0
4;900;SNACKPACK_STRAWBERRY;10801;23;10799;50;;;10819;23;10821;50;;;10810.0;0.0
4;900;SNACKPACK_PISTACHIO;9373;23;9371;50;;;9389;23;9391;50;;;9381.0;0.0
4;900;SNACKPACK_VANILLA;10046;23;10044;50;;;10063;23;10065;50;;;10054.5;0.0
4;900;SNACKPACK_RASPBERRY;10114;23;10112;50;;;10131;23;10133;50;;;10122.5;0.0
4;1000;SNACKPACK_STRAWBERRY;10796;22;10794;59;;;10814;22;10816;59;;;10805.0;0.0
4;1000;SNACKPACK_PISTACHIO;9372;22;9371;59;;;9388;22;9390;59;;;9380.0;0.0
4;1000;SNACKPACK_VANILLA;10044;22;10042;59;;;10061;22;10063;59;;;10052.5;0.0
4;1000;SNACKPACK_RASPBERRY;10115;22;10113;59;;;10132;22;10134;59;;;10123.5;0.0
4;1000;SNACKPACK_CHOCOLATE;9799;22;9797;59;;;9816;22;9817;59;;;9807.5;0.0
4;1100;SNACKPACK_PISTACHIO;9374;33;9372;53;;;9390;33;9392;53;;;9382.0;0.0
4;1100;SNACKPACK_STRAWBERRY;10797;33;10795;53;;;10816;33;10818;53;;;10806.5;0.0
4;1100;SNACKPACK_VANILLA;10048;33;10046;53;;;10065;33;10067;53;;;10056.5;0.0
4;1100;SNACKPACK_CHOCOLATE;9796;33;9794;53;;;9813;33;9815;53;;;9804.5;0.0
4;1100;SNACKPACK_RASPBERRY;10116;33;10114;53;;;10134;33;10136;53;;;10125.0;0.0
4;1200;SNACKPACK_PISTACHIO;9382;30;9381;48;;;9398;30;9400;48;;;9390.0;0.0
4;1200;SNACKPACK_STRAWBERRY;10812;30;10810;48;;;10831;30;10833;48;;;10821.5;0.0
4;1200;SNACKPACK_RASPBERRY;10101;30;10099;48;;;10118;30;10120;48;;;10109.5;0.0
4;1200;SNACKPACK_VANILLA;10047;30;10045;48;;;10065;30;10067;48;;;10056.0;0.0
4;1200;SNACKPACK_CHOCOLATE;9793;30;9791;48;;;9809;30;9811;48;;;9801.0;0.0
4;1300;SNACKPACK_PISTACHIO;9373;34;9371;58;;;9389;34;9391;58;;;9381.0;0.0
4;1300;SNACKPACK_STRAWBERRY;10801;34;10799;58;;;10819;34;10821;58;;;10810.0;0.0
4;1300;SNACKPACK_RASPBERRY;10114;34;10112;58;;;10132;34;10134;58;;;10123.0;0.0
4;1300;SNACKPACK_CHOCOLATE;9797;34;9795;58;;;9814;34;9816;58;;;9805.5;0.0
4;1300;SNACKPACK_VANILLA;10045;34;10043;58;;;10062;34;10064;58;;;10053.5;0.0
4;1400;SNACKPACK_RASPBERRY;10106;20;10104;47;;;10124;20;10126;47;;;10115.0;0.0
4;1400;SNACKPACK_CHOCOLATE;9794;20;9792;47;;;9811;20;9813;47;;;9802.5;0.0
4;1400;SNACKPACK_STRAWBERRY;10810;20;10808;47;;;10828;20;10830;47;;;10819.0;0.0
4;1400;SNACKPACK_PISTACHIO;9379;20;9377;47;;;9395;20;9397;47;;;9387.0;0.0
4;1400;SNACKPACK_VANILLA;10050;20;10048;47;;;10067;20;10069;47;;;10058.5;0.0
4;1500;SNACKPACK_RASPBERRY;10101;27;10099;45;;;10119;27;10121;45;;;10110.0;0.0
4;1500;SNACKPACK_CHOCOLATE;9784;27;9782;45;;;9800;27;9802;45;;;9792.0;0.0
4;1500;SNACKPACK_STRAWBERRY;10815;27;10813;45;;;10833;27;10835;45;;;10824.0;0.0
4;1500;SNACKPACK_PISTACHIO;9384;27;9382;45;;;9400;27;9401;45;;;9392.0;0.0
4;1500;SNACKPACK_VANILLA;10060;27;10058;45;;;10077;27;10079;45;;;10068.5;0.0
4;1600;SNACKPACK_VANILLA;10052;34;10050;46;;;10069;34;10071;46;;;10060.5;0.0
4;1600;SNACKPACK_CHOCOLATE;9794;34;9792;46;;;9811;34;9813;46;;;9802.5;0.0
4;1600;SNACKPACK_RASPBERRY;10096;34;10094;46;;;10114;34;10116;46;;;10105.0;0.0
4;1600;SNACKPACK_PISTACHIO;9381;34;9379;46;;;9397;34;9399;46;;;9389.0;0.0
4;1600;SNACKPACK_STRAWBERRY;10817;34;10815;46;;;10836;34;10838;46;;;10826.5;0.0
4;1700;SNACKPACK_RASPBERRY;10095;24;10093;44;;;10112;24;10114;44;;;10103.5;0.0
4;1700;SNACKPACK_VANILLA;10052;24;10050;44;;;10069;24;10071;44;;;10060.5;0.0
4;1700;SNACKPACK_CHOCOLATE;9794;24;9793;44;;;9811;24;9813;44;;;9802.5;0.0
4;1700;SNACKPACK_PISTACHIO;9384;24;9383;44;;;9400;24;9402;44;;;9392.0;0.0
4;1700;SNACKPACK_STRAWBERRY;10819;24;10817;44;;;10837;24;10839;44;;;10828.0;0.0
4;1800;SNACKPACK_STRAWBERRY;10807;28;10805;49;;;10825;28;10827;49;;;10816.0;0.0
4;1800;SNACKPACK_RASPBERRY;10105;28;10103;49;;;10122;28;10124;49;;;10113.5;0.0
4;1800;SNACKPACK_CHOCOLATE;9799;28;9797;49;;;9815;28;9817;49;;;9807.0;0.0
4;1800;SNACKPACK_VANILLA;10050;28;10048;49;;;10067;28;10069;49;;;10058.5;0.0
4;1800;SNACKPACK_PISTACHIO;9380;28;9379;49;;;9396;28;9398;49;;;9388.0;0.0
4;1900;SNACKPACK_CHOCOLATE;9793;20;9791;57;;;9810;20;9812;57;;;9801.5;0.0
4;1900;SNACKPACK_STRAWBERRY;10798;20;10796;57;;;10816;20;10818;57;;;10807.0;0.0
4;1900;SNACKPACK_RASPBERRY;10115;20;10113;57;;;10132;20;10134;57;;;10123.5;0.0
4;1900;SNACKPACK_PISTACHIO;9373;20;9371;57;;;9389;20;9391;57;;;9381.0;0.0
4;1900;SNACKPACK_VANILLA;10056;20;10054;57;;;10073;20;10075;57;;;10064.5;0.0
4;2000;SNACKPACK_CHOCOLATE;9801;34;9799;59;;;9818;34;9820;59;;;9809.5;0.0
4;2000;SNACKPACK_STRAWBERRY;10792;34;10789;59;;;10810;34;10812;59;;;10801.0;0.0
4;2000;SNACKPACK_VANILLA;10046;34;10044;59;;;10063;34;10065;59;;;10054.5;0.0
4;2000;SNACKPACK_PISTACHIO;9370;34;9368;59;;;9386;34;9387;59;;;9378.0;0.0
4;2000;SNACKPACK_RASPBERRY;10121;34;10119;59;;;10138;34;10140;59;;;10129.5;0.0
4;2100;SNACKPACK_STRAWBERRY;10793;34;10791;58;;;10812;34;10814;58;;;10802.5;0.0
4;2100;SNACKPACK_PISTACHIO;9369;34;9367;58;;;9385;34;9387;58;;;9377.0;0.0
4;2100;SNACKPACK_VANILLA;10048;34;10046;58;;;10065;34;10067;58;;;10056.5;0.0
4;2100;SNACKPACK_RASPBERRY;10119;34;10117;58;;;10136;34;10138;58;;;10127.5;0.0
4;2100;SNACKPACK_CHOCOLATE;9798;34;9796;58;;;9815;34;9817;58;;;9806.5;0.0
4;2200;SNACKPACK_PISTACHIO;9370;37;9368;59;;;9386;37;9388;59;;;9378.0;0.0
4;2200;SNACKPACK_STRAWBERRY;10797;37;10795;59;;;10816;37;10818;59;;;10806.5;0.0
4;2200;SNACKPACK_RASPBERRY;10117;37;10115;59;;;10134;37;10136;59;;;10125.5;0.0
4;2200;SNACKPACK_VANILLA;10043;37;10041;59;;;10060;37;10062;59;;;10051.5;0.0
4;2200;SNACKPACK_CHOCOLATE;9805;37;9803;59;;;9822;37;9824;59;;;9813.5;0.0
4;2300;SNACKPACK_PISTACHIO;9365;22;9364;45;;;9381;22;9383;45;;;9373.0;0.0
4;2300;SNACKPACK_STRAWBERRY;10790;22;10788;45;;;10808;22;10811;45;;;10799.0;0.0
4;2300;SNACKPACK_RASPBERRY;10125;22;10123;45;;;10142;22;10144;45;;;10133.5;0.0
4;2300;SNACKPACK_VANILLA;10047;22;10045;45;;;10064;22;10066;45;;;10055.5;0.0
4;2300;SNACKPACK_CHOCOLATE;9800;22;9798;45;;;9817;22;9819;45;;;9808.5;0.0
4;2400;SNACKPACK_STRAWBERRY;10798;26;10796;50;;;10816;26;10818;50;;;10807.0;0.0
4;2400;SNACKPACK_CHOCOLATE;9799;26;9797;50;;;9816;26;9818;50;;;9807.5;0.0
4;2400;SNACKPACK_RASPBERRY;10116;26;10114;50;;;10134;26;10136;50;;;10125.0;0.0
4;2400;SNACKPACK_VANILLA;10047;26;10045;50;;;10064;26;10066;50;;;10055.5;0.0
4;2400;SNACKPACK_PISTACHIO;9368;26;9366;50;;;9384;26;9386;50;;;9376.0;0.0
4;2500;SNACKPACK_RASPBERRY;10111;33;10109;44;;;10128;33;10130;44;;;10119.5;0.0
4;2500;SNACKPACK_CHOCOLATE;9804;33;9802;44;;;9821;33;9823;44;;;9812.5;0.0
4;2500;SNACKPACK_STRAWBERRY;10801;33;10799;44;;;10820;33;10822;44;;;10810.5;0.0
4;2500;SNACKPACK_PISTACHIO;9369;33;9368;44;;;9385;33;9387;44;;;9377.0;0.0
4;2500;SNACKPACK_VANILLA;10041;33;10039;44;;;10058;33;10060;44;;;10049.5;0.0
4;2600;SNACKPACK_VANILLA;10051;22;10049;56;;;10068;22;10070;56;;;10059.5;0.0
4;2600;SNACKPACK_RASPBERRY;10109;22;10107;56;;;10126;22;10128;56;;;10117.5;0.0
4;2600;SNACKPACK_CHOCOLATE;9795;22;9793;56;;;9812;22;9814;56;;;9803.5;0.0
4;2600;SNACKPACK_STRAWBERRY;10804;22;10802;56;;;10822;22;10825;56;;;10813.0;0.0
4;2600;SNACKPACK_PISTACHIO;9373;22;9371;56;;;9389;22;9391;56;;;9381.0;0.0
4;2700;SNACKPACK_VANILLA;10050;33;10048;45;;;10067;33;10069;45;;;10058.5;0.0
4;2700;SNACKPACK_CHOCOLATE;9798;33;9796;45;;;9815;33;9817;45;;;9806.5;0.0
4;2700;SNACKPACK_RASPBERRY;10113;33;10111;45;;;10130;33;10132;45;;;10121.5;0.0
4;2700;SNACKPACK_PISTACHIO;9372;33;9370;45;;;9388;33;9390;45;;;9380.0;0.0
4;2700;SNACKPACK_STRAWBERRY;10803;33;10801;45;;;10821;33;10823;45;;;10812.0;0.0
4;2800;SNACKPACK_RASPBERRY;10129;27;10127;50;;;10146;27;10148;50;;;10137.5;0.0
4;2800;SNACKPACK_VANILLA;10051;27;10049;50;;;10069;27;10071;50;;;10060.0;0.0
4;2800;SNACKPACK_CHOCOLATE;9797;27;9795;50;;;9814;27;9816;50;;;9805.5;0.0
4;2800;SNACKPACK_PISTACHIO;9364;27;9362;50;;;9380;27;9382;50;;;9372.0;0.0
4;2800;SNACKPACK_STRAWBERRY;10786;27;10784;50;;;10804;27;10806;50;;;10795.0;0.0
4;2900;SNACKPACK_STRAWBERRY;10793;38;10790;44;;;10811;38;10813;44;;;10802.0;0.0
4;2900;SNACKPACK_RASPBERRY;10126;38;10124;44;;;10143;38;10145;44;;;10134.5;0.0
4;2900;SNACKPACK_CHOCOLATE;9808;38;9806;44;;;9825;38;9827;44;;;9816.5;0.0
4;2900;SNACKPACK_VANILLA;10043;38;10041;44;;;10060;38;10062;44;;;10051.5;0.0
4;2900;SNACKPACK_PISTACHIO;9369;38;9367;44;;;9385;38;9386;44;;;9377.0;0.0
4;3000;SNACKPACK_CHOCOLATE;9806;20;9804;50;;;9823;20;9825;50;;;9814.5;0.0
4;3000;SNACKPACK_STRAWBERRY;10798;20;10796;50;;;10816;20;10819;50;;;10807.0;0.0
4;3000;SNACKPACK_PISTACHIO;9372;20;9370;50;;;9388;20;9390;50;;;9380.0;0.0
4;3000;SNACKPACK_VANILLA;10045;20;10043;50;;;10062;20;10064;50;;;10053.5;0.0
4;3000;SNACKPACK_RASPBERRY;10121;20;10118;50;;;10138;20;10140;50;;;10129.5;0.0
4;3100;SNACKPACK_CHOCOLATE;9807;20;9805;53;;;9824;20;9826;53;;;9815.5;0.0
4;3100;SNACKPACK_STRAWBERRY;10786;20;10784;53;;;10804;20;10806;53;;;10795.0;0.0
4;3100;SNACKPACK_VANILLA;10044;20;10042;53;;;10061;20;10063;53;;;10052.5;0.0
4;3100;SNACKPACK_PISTACHIO;9369;20;9367;53;;;9385;20;9387;53;;;9377.0;0.0
4;3100;SNACKPACK_RASPBERRY;10131;20;10129;53;;;10149;20;10151;53;;;10140.0;0.0
4;3200;SNACKPACK_PISTACHIO;9361;32;9360;53;;;9377;32;9379;53;;;9369.0;0.0
4;3200;SNACKPACK_STRAWBERRY;10774;32;10772;53;;;10792;32;10794;53;;;10783.0;0.0
4;3200;SNACKPACK_VANILLA;10043;32;10041;53;;;10061;32;10063;53;;;10052.0;0.0
4;3200;SNACKPACK_CHOCOLATE;9810;32;9808;53;;;9826;32;9828;53;;;9818.0;0.0
4;3200;SNACKPACK_RASPBERRY;10141;32;10139;53;;;10158;32;10160;53;;;10149.5;0.0
4;3300;SNACKPACK_PISTACHIO;9356;38;9354;58;;;9372;38;9374;58;;;9364.0;0.0
4;3300;SNACKPACK_STRAWBERRY;10769;38;10767;58;;;10788;38;10790;58;;;10778.5;0.0
4;3300;SNACKPACK_RASPBERRY;10146;38;10144;58;;;10164;38;10166;58;;;10155.0;0.0
4;3300;SNACKPACK_VANILLA;10044;38;10042;58;;;10061;38;10063;58;;;10052.5;0.0
4;3300;SNACKPACK_CHOCOLATE;9810;38;9808;58;;;9827;38;9829;58;;;9818.5;0.0
4;3400;SNACKPACK_PISTACHIO;9350;33;9349;41;;;9366;33;9368;41;;;9358.0;0.0
4;3400;SNACKPACK_STRAWBERRY;10764;33;10761;41;;;10782;33;10784;41;;;10773.0;0.0
4;3400;SNACKPACK_RASPBERRY;10148;33;10146;41;;;10165;33;10167;41;;;10156.5;0.0
4;3400;SNACKPACK_CHOCOLATE;9811;33;9809;41;;;9827;33;9829;41;;;9819.0;0.0
4;3400;SNACKPACK_VANILLA;10044;33;10042;41;;;10061;33;10063;41;;;10052.5;0.0
4;3500;SNACKPACK_CHOCOLATE;9821;26;9819;45;;;9838;26;9840;45;;;9829.5;0.0
4;3500;SNACKPACK_STRAWBERRY;10766;26;10764;45;;;10784;26;10786;45;;;10775.0;0.0
4;3500;SNACKPACK_RASPBERRY;10144;26;10142;45;;;10161;26;10163;45;;;10152.5;0.0
4;3500;SNACKPACK_VANILLA;10033;26;10031;45;;;10050;26;10052;45;;;10041.5;0.0
4;3500;SNACKPACK_PISTACHIO;9354;26;9352;45;;;9370;26;9372;45;;;9362.0;0.0
4;3600;SNACKPACK_RASPBERRY;10146;33;10144;44;;;10164;33;10166;44;;;10155.0;0.0
4;3600;SNACKPACK_CHOCOLATE;9819;33;9817;44;;;9835;33;9837;44;;;9827.0;0.0
4;3600;SNACKPACK_STRAWBERRY;10761;33;10759;44;;;10779;33;10782;44;;;10770.0;0.0
4;3600;SNACKPACK_VANILLA;10036;33;10034;44;;;10053;33;10055;44;;;10044.5;0.0
4;3600;SNACKPACK_PISTACHIO;9352;33;9350;44;;;9368;33;9370;44;;;9360.0;0.0
4;3700;SNACKPACK_VANILLA;10036;39;10034;44;;;10053;39;10055;44;;;10044.5;0.0
4;3700;SNACKPACK_RASPBERRY;10140;39;10138;44;;;10157;39;10159;44;;;10148.5;0.0
4;3700;SNACKPACK_CHOCOLATE;9819;39;9817;44;;;9836;39;9837;44;;;9827.5;0.0
4;3700;SNACKPACK_STRAWBERRY;10768;39;10765;44;;;10786;39;10788;44;;;10777.0;0.0
4;3700;SNACKPACK_PISTACHIO;9357;39;9355;44;;;9373;39;9375;44;;;9365.0;0.0
4;3800;SNACKPACK_RASPBERRY;10155;33;10153;41;;;10172;33;10174;41;;;10163.5;0.0
4;3800;SNACKPACK_VANILLA;10038;33;10036;41;;;10055;33;10057;41;;;10046.5;0.0
4;3800;SNACKPACK_CHOCOLATE;9814;33;9812;41;;;9831;33;9833;41;;;9822.5;0.0
4;3800;SNACKPACK_PISTACHIO;9347;33;9346;41;;;9363;33;9365;41;;;9355.0;0.0
4;3800;SNACKPACK_STRAWBERRY;10755;33;10753;41;;;10773;33;10775;41;;;10764.0;0.0
4;3900;SNACKPACK_RASPBERRY;10154;21;10152;47;;;10172;21;10174;47;;;10163.0;0.0
4;3900;SNACKPACK_STRAWBERRY;10757;21;10755;47;;;10776;21;10778;47;;;10766.5;0.0
4;3900;SNACKPACK_VANILLA;10041;21;10039;47;;;10058;21;10060;47;;;10049.5;0.0
4;3900;SNACKPACK_CHOCOLATE;9810;21;9808;47;;;9827;21;9829;47;;;9818.5;0.0
4;3900;SNACKPACK_PISTACHIO;9350;21;9348;47;;;9366;21;9368;47;;;9358.0;0.0
4;4000;SNACKPACK_STRAWBERRY;10760;28;10758;52;;;10779;28;10781;52;;;10769.5;0.0
4;4000;SNACKPACK_CHOCOLATE;9809;28;9807;52;;;9826;28;9828;52;;;9817.5;0.0
4;4000;SNACKPACK_RASPBERRY;10153;28;10151;52;;;10171;28;10173;52;;;10162.0;0.0
4;4000;SNACKPACK_VANILLA;10044;28;10042;52;;;10061;28;10063;52;;;10052.5;0.0
4;4000;SNACKPACK_PISTACHIO;9355;28;9353;52;;;9371;28;9373;52;;;9363.0;0.0
4;4100;SNACKPACK_CHOCOLATE;9812;33;9810;54;;;9829;33;9831;54;;;9820.5;0.0
4;4100;SNACKPACK_STRAWBERRY;10769;33;10767;54;;;10788;33;10790;54;;;10778.5;0.0
4;4100;SNACKPACK_PISTACHIO;9360;33;9358;54;;;9376;33;9378;54;;;9368.0;0.0
4;4100;SNACKPACK_VANILLA;10038;33;10036;54;;;10055;33;10057;54;;;10046.5;0.0
4;4100;SNACKPACK_RASPBERRY;10143;33;10141;54;;;10160;33;10162;54;;;10151.5;0.0
4;4200;SNACKPACK_STRAWBERRY;10777;34;10774;54;;;10795;34;10797;54;;;10786.0;0.0
4;4200;SNACKPACK_PISTACHIO;9360;34;9358;54;;;9376;34;9378;54;;;9368.0;0.0
4;4200;SNACKPACK_VANILLA;10029;34;10027;54;;;10046;34;10048;54;;;10037.5;0.0
4;4200;SNACKPACK_RASPBERRY;10137;34;10135;54;;;10154;34;10156;54;;;10145.5;0.0
4;4200;SNACKPACK_CHOCOLATE;9822;34;9820;54;;;9839;34;9841;54;;;9830.5;0.0
4;4300;SNACKPACK_PISTACHIO;9359;34;9357;53;;;9375;34;9377;53;;;9367.0;0.0
4;4300;SNACKPACK_STRAWBERRY;10775;34;10773;53;;;10793;34;10796;53;;;10784.0;0.0
4;4300;SNACKPACK_VANILLA;10033;34;10031;53;;;10050;34;10052;53;;;10041.5;0.0
4;4300;SNACKPACK_CHOCOLATE;9818;34;9816;53;;;9835;34;9837;53;;;9826.5;0.0
4;4300;SNACKPACK_RASPBERRY;10133;34;10131;53;;;10150;34;10152;53;;;10141.5;0.0
4;4400;SNACKPACK_PISTACHIO;9369;21;9368;48;;;9385;21;9387;48;;;9377.0;0.0
4;4400;SNACKPACK_STRAWBERRY;10789;21;10786;48;;;10807;21;10809;48;;;10798.0;0.0
4;4400;SNACKPACK_RASPBERRY;10119;21;10117;48;;;10136;21;10138;48;;;10127.5;0.0
4;4400;SNACKPACK_VANILLA;10041;21;10039;48;;;10058;21;10060;48;;;10049.5;0.0
4;4400;SNACKPACK_CHOCOLATE;9809;21;9807;48;;;9826;21;9828;48;;;9817.5;0.0
4;4500;SNACKPACK_PISTACHIO;9373;24;9371;55;;;9389;24;9391;55;;;9381.0;0.0
4;4500;SNACKPACK_STRAWBERRY;10795;24;10793;55;;;10813;24;10815;55;;;10804.0;0.0
4;4500;SNACKPACK_RASPBERRY;10112;24;10110;55;;;10130;24;10132;55;;;10121.0;0.0
4;4500;SNACKPACK_CHOCOLATE;9799;24;9797;55;;;9816;24;9818;55;;;9807.5;0.0
4;4500;SNACKPACK_VANILLA;10050;24;10048;55;;;10067;24;10069;55;;;10058.5;0.0
4;4600;SNACKPACK_RASPBERRY;10109;23;10107;50;;;10126;23;10128;50;;;10117.5;0.0
4;4600;SNACKPACK_CHOCOLATE;9802;23;9800;50;;;9818;23;9820;50;;;9810.0;0.0
4;4600;SNACKPACK_STRAWBERRY;10799;23;10796;50;;;10817;23;10819;50;;;10808.0;0.0
4;4600;SNACKPACK_PISTACHIO;9377;23;9375;50;;;9393;23;9395;50;;;9385.0;0.0
4;4600;SNACKPACK_VANILLA;10046;23;10044;50;;;10063;23;10065;50;;;10054.5;0.0
4;4700;SNACKPACK_RASPBERRY;10114;31;10112;51;;;10131;31;10133;51;;;10122.5;0.0
4;4700;SNACKPACK_CHOCOLATE;9797;31;9795;51;;;9813;31;9815;51;;;9805.0;0.0
4;4700;SNACKPACK_STRAWBERRY;10794;31;10791;51;;;10812;31;10814;51;;;10803.0;0.0
4;4700;SNACKPACK_VANILLA;10049;31;10047;51;;;10066;31;10068;51;;;10057.5;0.0
4;4700;SNACKPACK_PISTACHIO;9374;31;9372;51;;;9390;31;9392;51;;;9382.0;0.0
4;4800;SNACKPACK_VANILLA;10045;39;10043;59;;;10062;39;10064;59;;;10053.5;0.0
4;4800;SNACKPACK_CHOCOLATE;9800;39;9798;59;;;9816;39;9818;59;;;9808.0;0.0
4;4800;SNACKPACK_RASPBERRY;10127;39;10125;59;;;10144;39;10146;59;;;10135.5;0.0
4;4800;SNACKPACK_PISTACHIO;9365;39;9363;59;;;9381;39;9383;59;;;9373.0;0.0
4;4800;SNACKPACK_STRAWBERRY;10783;39;10780;59;;;10801;39;10803;59;;;10792.0;0.0
4;4900;SNACKPACK_RASPBERRY;10126;25;10124;59;;;10143;25;10145;59;;;10134.5;0.0
4;4900;SNACKPACK_VANILLA;10052;25;10050;59;;;10069;25;10071;59;;;10060.5;0.0
4;4900;SNACKPACK_CHOCOLATE;9791;25;9789;59;;;9808;25;9810;59;;;9799.5;0.0
4;4900;SNACKPACK_PISTACHIO;9367;25;9365;59;;;9383;25;9385;59;;;9375.0;0.0
4;4900;SNACKPACK_STRAWBERRY;10784;25;10782;59;;;10802;25;10804;59;;;10793.0;0.0
4;5000;SNACKPACK_STRAWBERRY;10789;23;10787;57;;;10807;23;10810;57;;;10798.0;0.0
4;5000;SNACKPACK_RASPBERRY;10123;23;10121;57;;;10140;23;10142;57;;;10131.5;0.0
4;5000;SNACKPACK_CHOCOLATE;9802;23;9800;57;;;9818;23;9820;57;;;9810.0;0.0
4;5000;SNACKPACK_VANILLA;10042;23;10040;57;;;10059;23;10061;57;;;10050.5;0.0
4;5000;SNACKPACK_PISTACHIO;9370;23;9368;57;;;9386;23;9388;57;;;9378.0;0.0
4;5100;SNACKPACK_CHOCOLATE;9804;39;9802;56;;;9820;39;9822;56;;;9812.0;0.0
4;5100;SNACKPACK_RASPBERRY;10127;39;10125;56;;;10144;39;10146;56;;;10135.5;0.0
4;5100;SNACKPACK_STRAWBERRY;10783;39;10781;56;;;10802;39;10804;56;;;10792.5;0.0
4;5100;SNACKPACK_VANILLA;10041;39;10039;56;;;10058;39;10060;56;;;10049.5;0.0
4;5100;SNACKPACK_PISTACHIO;9368;39;9366;56;;;9384;39;9386;56;;;9376.0;0.0
4;5200;SNACKPACK_CHOCOLATE;9813;20;9811;55;;;9830;20;9832;55;;;9821.5;0.0
4;5200;SNACKPACK_STRAWBERRY;10806;20;10804;55;;;10825;20;10827;55;;;10815.5;0.0
4;5200;SNACKPACK_VANILLA;10034;20;10032;55;;;10051;20;10053;55;;;10042.5;0.0
4;5200;SNACKPACK_PISTACHIO;9382;20;9380;55;;;9398;20;9399;55;;;9390.0;0.0
4;5200;SNACKPACK_RASPBERRY;10106;20;10104;55;;;10123;20;10125;55;;;10114.5;0.0
4;5300;SNACKPACK_STRAWBERRY;10807;25;10805;40;;;10825;25;10827;40;;;10816.0;0.0
4;5300;SNACKPACK_PISTACHIO;9382;25;9380;40;;;9398;25;9399;40;;;9390.0;0.0
4;5300;SNACKPACK_VANILLA;10029;25;10027;40;;;10046;25;10048;40;;;10037.5;0.0
4;5300;SNACKPACK_RASPBERRY;10104;25;10102;40;;;10122;25;10124;40;;;10113.0;0.0
4;5300;SNACKPACK_CHOCOLATE;9818;25;9816;40;;;9835;25;9837;40;;;9826.5;0.0
4;5400;SNACKPACK_PISTACHIO;9380;32;9378;58;;;9396;32;9398;58;;;9388.0;0.0
4;5400;SNACKPACK_STRAWBERRY;10804;32;10802;58;;;10822;32;10824;58;;;10813.0;0.0
4;5400;SNACKPACK_RASPBERRY;10108;32;10106;58;;;10125;32;10127;58;;;10116.5;0.0
4;5400;SNACKPACK_VANILLA;10043;32;10041;58;;;10061;32;10063;58;;;10052.0;0.0
4;5400;SNACKPACK_CHOCOLATE;9807;32;9805;58;;;9824;32;9826;58;;;9815.5;0.0
4;5500;SNACKPACK_PISTACHIO;9384;32;9382;52;;;9400;32;9402;52;;;9392.0;0.0
4;5500;SNACKPACK_RASPBERRY;10097;32;10095;52;;;10114;32;10116;52;;;10105.5;0.0
4;5500;SNACKPACK_STRAWBERRY;10812;32;10810;52;;;10830;32;10833;52;;;10821.0;0.0
4;5500;SNACKPACK_VANILLA;10035;32;10033;52;;;10052;32;10054;52;;;10043.5;0.0
4;5500;SNACKPACK_CHOCOLATE;9816;32;9814;52;;;9833;32;9835;52;;;9824.5;0.0
4;5600;SNACKPACK_STRAWBERRY;10818;32;10815;41;;;10836;32;10838;41;;;10827.0;0.0
4;5600;SNACKPACK_CHOCOLATE;9823;32;9821;41;;;9840;32;9842;41;;;9831.5;0.0
4;5600;SNACKPACK_RASPBERRY;10089;32;10087;41;;;10107;32;10109;41;;;10098.0;0.0
4;5600;SNACKPACK_VANILLA;10028;32;10026;41;;;10045;32;10047;41;;;10036.5;0.0
4;5600;SNACKPACK_PISTACHIO;9385;32;9384;41;;;9401;32;9403;41;;;9393.0;0.0
4;5700;SNACKPACK_RASPBERRY;10095;31;10092;43;;;10112;31;10114;43;;;10103.5;0.0
4;5700;SNACKPACK_CHOCOLATE;9813;31;9811;43;;;9830;31;9832;43;;;9821.5;0.0
4;5700;SNACKPACK_STRAWBERRY;10813;31;10810;43;;;10831;31;10833;43;;;10822.0;0.0
4;5700;SNACKPACK_PISTACHIO;9383;31;9381;43;;;9399;31;9401;43;;;9391.0;0.0
4;5700;SNACKPACK_VANILLA;10036;31;10034;43;;;10053;31;10055;43;;;10044.5;0.0
4;5800;SNACKPACK_VANILLA;10028;30;10026;42;;;10045;30;10047;42;;;10036.5;0.0
4;5800;SNACKPACK_RASPBERRY;10087;30;10085;42;;;10104;30;10106;42;;;10095.5;0.0
4;5800;SNACKPACK_CHOCOLATE;9820;30;9818;42;;;9837;30;9839;42;;;9828.5;0.0
4;5800;SNACKPACK_STRAWBERRY;10819;30;10817;42;;;10838;30;10840;42;;;10828.5;0.0
4;5800;SNACKPACK_PISTACHIO;9389;30;9387;42;;;9405;30;9407;42;;;9397.0;0.0
4;5900;SNACKPACK_VANILLA;10024;37;10022;47;;;10041;37;10043;47;;;10032.5;0.0
4;5900;SNACKPACK_CHOCOLATE;9825;37;9823;47;;;9842;37;9844;47;;;9833.5;0.0
4;5900;SNACKPACK_RASPBERRY;10090;37;10088;47;;;10107;37;10109;47;;;10098.5;0.0
4;5900;SNACKPACK_PISTACHIO;9390;37;9388;47;;;9406;37;9408;47;;;9398.0;0.0
4;5900;SNACKPACK_STRAWBERRY;10814;37;10811;47;;;10832;37;10834;47;;;10823.0;0.0
4;6000;SNACKPACK_RASPBERRY;10098;28;10096;57;;;10115;28;10117;57;;;10106.5;0.0
4;6000;SNACKPACK_VANILLA;10016;28;10014;57;;;10033;28;10035;57;;;10024.5;0.0
4;6000;SNACKPACK_CHOCOLATE;9835;28;9833;57;;;9851;28;9853;57;;;9843.0;0.0
4;6000;SNACKPACK_PISTACHIO;9384;28;9383;57;;;9401;28;9402;57;;;9392.5;0.0
4;6000;SNACKPACK_STRAWBERRY;10807;28;10805;57;;;10825;28;10827;57;;;10816.0;0.0
4;6100;SNACKPACK_STRAWBERRY;10813;22;10811;49;;;10832;22;10834;49;;;10822.5;0.0
4;6100;SNACKPACK_RASPBERRY;10098;22;10096;49;;;10115;22;10117;49;;;10106.5;0.0
4;6100;SNACKPACK_CHOCOLATE;9820;22;9818;49;;;9837;22;9839;49;;;9828.5;0.0
4;6100;SNACKPACK_VANILLA;10030;22;10028;49;;;10047;22;10049;49;;;10038.5;0.0
4;6100;SNACKPACK_PISTACHIO;9389;22;9387;49;;;9405;22;9407;49;;;9397.0;0.0
4;6200;SNACKPACK_CHOCOLATE;9812;26;9810;49;;;9829;26;9831;49;;;9820.5;0.0
4;6200;SNACKPACK_STRAWBERRY;10824;26;10821;49;;;10842;26;10844;49;;;10833.0;0.0
4;6200;SNACKPACK_PISTACHIO;9394;26;9393;49;;;9410;26;9412;49;;;9402.0;0.0
4;6200;SNACKPACK_VANILLA;10040;26;10038;49;;;10057;26;10059;49;;;10048.5;0.0
4;6200;SNACKPACK_RASPBERRY;10086;26;10084;49;;;10103;26;10105;49;;;10094.5;0.0
4;6300;SNACKPACK_CHOCOLATE;9813;36;9811;48;;;9829;36;9831;48;;;9821.0;0.0
4;6300;SNACKPACK_STRAWBERRY;10830;36;10828;48;;;10848;36;10850;48;;;10839.0;0.0
4;6300;SNACKPACK_VANILLA;10038;36;10036;48;;;10055;36;10057;48;;;10046.5;0.0
4;6300;SNACKPACK_PISTACHIO;9396;36;9394;48;;;9412;36;9414;48;;;9404.0;0.0
4;6300;SNACKPACK_RASPBERRY;10080;36;10078;48;;;10097;36;10099;48;;;10088.5;0.0
4;6400;SNACKPACK_PISTACHIO;9400;26;9399;48;;;9416;26;9418;48;;;9408.0;0.0
4;6400;SNACKPACK_STRAWBERRY;10830;26;10828;48;;;10849;26;10851;48;;;10839.5;0.0
4;6400;SNACKPACK_VANILLA;10039;26;10037;48;;;10056;26;10058;48;;;10047.5;0.0
4;6400;SNACKPACK_CHOCOLATE;9811;26;9809;48;;;9828;26;9830;48;;;9819.5;0.0
4;6400;SNACKPACK_RASPBERRY;10081;26;10079;48;;;10099;26;10101;48;;;10090.0;0.0
4;6500;SNACKPACK_PISTACHIO;9408;30;9406;48;;;9424;30;9426;48;;;9416.0;0.0
4;6500;SNACKPACK_STRAWBERRY;10844;30;10841;48;;;10862;30;10864;48;;;10853.0;0.0
4;6500;SNACKPACK_RASPBERRY;10071;30;10069;48;;;10088;30;10090;48;;;10079.5;0.0
4;6500;SNACKPACK_VANILLA;10037;30;10035;48;;;10054;30;10056;48;;;10045.5;0.0
4;6500;SNACKPACK_CHOCOLATE;9813;30;9811;48;;;9829;30;9831;48;;;9821.0;0.0
4;6600;SNACKPACK_PISTACHIO;9411;36;9409;49;;;9427;36;9429;49;;;9419.0;0.0
4;6600;SNACKPACK_STRAWBERRY;10845;36;10843;49;;;10863;36;10865;49;;;10854.0;0.0
4;6600;SNACKPACK_RASPBERRY;10068;36;10066;49;;;10085;36;10087;49;;;10076.5;0.0
4;6600;SNACKPACK_CHOCOLATE;9812;36;9810;49;;;9829;36;9831;49;;;9820.5;0.0
4;6600;SNACKPACK_VANILLA;10038;36;10036;49;;;10055;36;10057;49;;;10046.5;0.0
4;6700;SNACKPACK_CHOCOLATE;9813;35;9811;56;;;9829;35;9831;56;;;9821.0;0.0
4;6700;SNACKPACK_RASPBERRY;10089;35;10087;56;;;10107;35;10109;56;;;10098.0;0.0
4;6700;SNACKPACK_STRAWBERRY;10825;35;10823;56;;;10844;35;10846;56;;;10834.5;0.0
4;6700;SNACKPACK_VANILLA;10038;35;10036;56;;;10055;35;10057;56;;;10046.5;0.0
4;6700;SNACKPACK_PISTACHIO;9400;35;9398;56;;;9416;35;9418;56;;;9408.0;0.0
4;6800;SNACKPACK_RASPBERRY;10094;25;10092;50;;;10111;25;10113;50;;;10102.5;0.0
4;6800;SNACKPACK_CHOCOLATE;9805;25;9803;50;;;9822;25;9824;50;;;9813.5;0.0
4;6800;SNACKPACK_STRAWBERRY;10821;25;10818;50;;;10839;25;10841;50;;;10830.0;0.0
4;6800;SNACKPACK_VANILLA;10047;25;10045;50;;;10064;25;10066;50;;;10055.5;0.0
4;6800;SNACKPACK_PISTACHIO;9397;25;9396;50;;;9413;25;9415;50;;;9405.0;0.0
4;6900;SNACKPACK_VANILLA;10045;36;10043;53;;;10062;36;10064;53;;;10053.5;0.0
4;6900;SNACKPACK_RASPBERRY;10087;36;10085;53;;;10104;36;10106;53;;;10095.5;0.0
4;6900;SNACKPACK_CHOCOLATE;9805;36;9803;53;;;9822;36;9824;53;;;9813.5;0.0
4;6900;SNACKPACK_STRAWBERRY;10828;36;10826;53;;;10846;36;10848;53;;;10837.0;0.0
4;6900;SNACKPACK_PISTACHIO;9400;36;9399;53;;;9417;36;9418;53;;;9408.5;0.0
4;7000;SNACKPACK_RASPBERRY;10084;39;10082;44;;;10101;39;10103;44;;;10092.5;0.0
4;7000;SNACKPACK_VANILLA;10052;39;10050;44;;;10069;39;10071;44;;;10060.5;0.0
4;7000;SNACKPACK_CHOCOLATE;9800;39;9798;44;;;9817;39;9819;44;;;9808.5;0.0
4;7000;SNACKPACK_PISTACHIO;9400;39;9399;44;;;9416;39;9418;44;;;9408.0;0.0
4;7000;SNACKPACK_STRAWBERRY;10828;39;10825;44;;;10846;39;10848;44;;;10837.0;0.0
4;7100;SNACKPACK_RASPBERRY;10081;29;10079;52;;;10098;29;10100;52;;;10089.5;0.0
4;7100;SNACKPACK_STRAWBERRY;10835;29;10833;52;;;10853;29;10855;52;;;10844.0;0.0
4;7100;SNACKPACK_VANILLA;10057;29;10055;52;;;10074;29;10076;52;;;10065.5;0.0
4;7100;SNACKPACK_CHOCOLATE;9796;29;9794;52;;;9813;29;9815;52;;;9804.5;0.0
4;7100;SNACKPACK_PISTACHIO;9404;29;9402;52;;;9420;29;9421;52;;;9412.0;0.0
4;7200;SNACKPACK_STRAWBERRY;10837;27;10835;53;;;10855;27;10858;53;;;10846.0;0.0
4;7200;SNACKPACK_CHOCOLATE;9792;27;9790;53;;;9808;27;9810;53;;;9800.0;0.0
4;7200;SNACKPACK_RASPBERRY;10078;27;10076;53;;;10095;27;10097;53;;;10086.5;0.0
4;7200;SNACKPACK_VANILLA;10061;27;10059;53;;;10078;27;10080;53;;;10069.5;0.0
4;7200;SNACKPACK_PISTACHIO;9404;27;9402;53;;;9420;27;9422;53;;;9412.0;0.0
4;7300;SNACKPACK_CHOCOLATE;9794;35;9792;57;;;9811;35;9813;57;;;9802.5;0.0
4;7300;SNACKPACK_STRAWBERRY;10823;35;10821;57;;;10842;35;10844;57;;;10832.5;0.0
4;7300;SNACKPACK_PISTACHIO;9395;35;9393;57;;;9411;35;9413;57;;;9403.0;0.0
4;7300;SNACKPACK_VANILLA;10060;35;10058;57;;;10077;35;10079;57;;;10068.5;0.0
4;7300;SNACKPACK_RASPBERRY;10089;35;10087;57;;;10107;35;10109;57;;;10098.0;0.0
4;7400;SNACKPACK_STRAWBERRY;10821;22;10819;54;;;10839;22;10842;54;;;10830.0;0.0
4;7400;SNACKPACK_PISTACHIO;9392;22;9390;54;;;9408;22;9410;54;;;9400.0;0.0
4;7400;SNACKPACK_VANILLA;10044;22;10042;54;;;10061;22;10063;54;;;10052.5;0.0
4;7400;SNACKPACK_RASPBERRY;10091;22;10089;54;;;10108;22;10110;54;;;10099.5;0.0
4;7400;SNACKPACK_CHOCOLATE;9808;22;9806;54;;;9825;22;9827;54;;;9816.5;0.0
4;7500;SNACKPACK_PISTACHIO;9390;24;9389;60;;;9406;24;9408;60;;;9398.0;0.0
4;7500;SNACKPACK_STRAWBERRY;10823;24;10821;60;;;10841;24;10844;60;;;10832.0;0.0
4;7500;SNACKPACK_VANILLA;10047;24;10045;60;;;10064;24;10066;60;;;10055.5;0.0
4;7500;SNACKPACK_CHOCOLATE;9805;24;9803;60;;;9822;24;9823;60;;;9813.5;0.0
4;7500;SNACKPACK_RASPBERRY;10089;24;10087;60;;;10106;24;10108;60;;;10097.5;0.0
4;7600;SNACKPACK_CHOCOLATE;9799;40;9797;52;;;9816;40;9818;52;;;9807.5;0.0
4;7600;SNACKPACK_PISTACHIO;9393;40;9391;52;;;9409;40;9411;52;;;9401.0;0.0
4;7600;SNACKPACK_STRAWBERRY;10832;40;10830;52;;;10851;40;10853;52;;;10841.5;0.0
4;7600;SNACKPACK_RASPBERRY;10081;40;10079;52;;;10098;40;10100;52;;;10089.5;0.0
4;7600;SNACKPACK_VANILLA;10051;40;10049;52;;;10068;40;10070;52;;;10059.5;0.0
4;7700;SNACKPACK_PISTACHIO;9391;38;9389;51;;;9407;38;9409;51;;;9399.0;0.0
4;7700;SNACKPACK_CHOCOLATE;9805;38;9803;51;;;9822;38;9824;51;;;9813.5;0.0
4;7700;SNACKPACK_STRAWBERRY;10833;38;10831;51;;;10852;38;10854;51;;;10842.5;0.0
4;7700;SNACKPACK_RASPBERRY;10080;38;10078;51;;;10097;38;10099;51;;;10088.5;0.0
4;7700;SNACKPACK_VANILLA;10046;38;10044;51;;;10063;38;10065;51;;;10054.5;0.0
4;7800;SNACKPACK_RASPBERRY;10089;35;10087;57;;;10106;35;10108;57;;;10097.5;0.0
4;7800;SNACKPACK_CHOCOLATE;9806;35;9804;57;;;9823;35;9825;57;;;9814.5;0.0
4;7800;SNACKPACK_STRAWBERRY;10822;35;10820;57;;;10840;35;10843;57;;;10831.0;0.0
4;7800;SNACKPACK_PISTACHIO;9388;35;9386;57;;;9404;35;9405;57;;;9396.0;0.0
4;7800;SNACKPACK_VANILLA;10044;35;10042;57;;;10062;35;10064;57;;;10053.0;0.0
4;7900;SNACKPACK_RASPBERRY;10103;20;10101;48;;;10120;20;10122;48;;;10111.5;0.0
4;7900;SNACKPACK_CHOCOLATE;9810;20;9808;48;;;9827;20;9829;48;;;9818.5;0.0
4;7900;SNACKPACK_STRAWBERRY;10808;20;10806;48;;;10826;20;10829;48;;;10817.0;0.0
4;7900;SNACKPACK_VANILLA;10044;20;10042;48;;;10061;20;10063;48;;;10052.5;0.0
4;7900;SNACKPACK_PISTACHIO;9380;20;9378;48;;;9396;20;9398;48;;;9388.0;0.0
4;8000;SNACKPACK_VANILLA;10048;33;10046;54;;;10065;33;10067;54;;;10056.5;0.0
4;8000;SNACKPACK_RASPBERRY;10104;33;10102;54;;;10121;33;10123;54;;;10112.5;0.0
4;8000;SNACKPACK_CHOCOLATE;9807;33;9805;54;;;9824;33;9826;54;;;9815.5;0.0
4;8000;SNACKPACK_PISTACHIO;9382;33;9380;54;;;9398;33;9400;54;;;9390.0;0.0
4;8000;SNACKPACK_STRAWBERRY;10808;33;10806;54;;;10827;33;10829;54;;;10817.5;0.0
4;8100;SNACKPACK_RASPBERRY;10112;36;10110;49;;;10129;36;10131;49;;;10120.5;0.0
4;8100;SNACKPACK_VANILLA;10051;36;10049;49;;;10068;36;10070;49;;;10059.5;0.0
4;8100;SNACKPACK_PISTACHIO;9377;36;9376;49;;;9393;36;9395;49;;;9385.0;0.0
4;8100;SNACKPACK_CHOCOLATE;9804;36;9802;49;;;9820;36;9822;49;;;9812.0;0.0
4;8100;SNACKPACK_STRAWBERRY;10800;36;10798;49;;;10818;36;10820;49;;;10809.0;0.0
4;8200;SNACKPACK_STRAWBERRY;10800;21;10798;41;;;10819;21;10821;41;;;10809.5;0.0
4;8200;SNACKPACK_RASPBERRY;10115;21;10113;41;;;10132;21;10134;41;;;10123.5;0.0
4;8200;SNACKPACK_VANILLA;10057;21;10055;41;;;10074;21;10076;41;;;10065.5;0.0
4;8200;SNACKPACK_PISTACHIO;9378;21;9376;41;;;9394;21;9396;41;;;9386.0;0.0
4;8200;SNACKPACK_CHOCOLATE;9798;21;9797;41;;;9815;21;9817;41;;;9806.5;0.0
4;8300;SNACKPACK_STRAWBERRY;10801;31;10799;49;;;10819;31;10821;49;;;10810.0;0.0
4;8300;SNACKPACK_RASPBERRY;10113;31;10111;49;;;10130;31;10132;49;;;10121.5;0.0
4;8300;SNACKPACK_VANILLA;10049;31;10047;49;;;10066;31;10068;49;;;10057.5;0.0
4;8300;SNACKPACK_PISTACHIO;9378;31;9376;49;;;9394;31;9396;49;;;9386.0;0.0
4;8300;SNACKPACK_CHOCOLATE;9809;31;9807;49;;;9826;31;9827;49;;;9817.5;0.0
4;8400;SNACKPACK_STRAWBERRY;10809;35;10806;43;;;10827;35;10829;43;;;10818.0;0.0
4;8400;SNACKPACK_VANILLA;10057;35;10055;43;;;10074;35;10076;43;;;10065.5;0.0
4;8400;SNACKPACK_PISTACHIO;9385;35;9383;43;;;9401;35;9403;43;;;9393.0;0.0
4;8400;SNACKPACK_RASPBERRY;10108;35;10105;43;;;10125;35;10127;43;;;10116.5;0.0
4;8400;SNACKPACK_CHOCOLATE;9801;35;9799;43;;;9817;35;9819;43;;;9809.0;0.0
4;8500;SNACKPACK_CHOCOLATE;9809;28;9807;60;;;9826;28;9828;60;;;9817.5;0.0
4;8500;SNACKPACK_PISTACHIO;9378;28;9377;60;;;9394;28;9396;60;;;9386.0;0.0
4;8500;SNACKPACK_STRAWBERRY;10801;28;10799;60;;;10820;28;10822;60;;;10810.5;0.0
4;8500;SNACKPACK_VANILLA;10050;28;10048;60;;;10068;28;10070;60;;;10059.0;0.0
4;8500;SNACKPACK_RASPBERRY;10115;28;10113;60;;;10132;28;10134;60;;;10123.5;0.0
4;8600;SNACKPACK_PISTACHIO;9383;22;9381;49;;;9399;22;9401;49;;;9391.0;0.0
4;8600;SNACKPACK_CHOCOLATE;9813;22;9811;49;;;9830;22;9832;49;;;9821.5;0.0
4;8600;SNACKPACK_STRAWBERRY;10806;22;10804;49;;;10825;22;10827;49;;;10815.5;0.0
4;8600;SNACKPACK_RASPBERRY;10110;22;10108;49;;;10128;22;10130;49;;;10119.0;0.0
4;8600;SNACKPACK_VANILLA;10050;22;10048;49;;;10067;22;10069;49;;;10058.5;0.0
4;8700;SNACKPACK_PISTACHIO;9375;35;9373;44;;;9391;35;9393;44;;;9383.0;0.0
4;8700;SNACKPACK_CHOCOLATE;9829;35;9827;44;;;9846;35;9848;44;;;9837.5;0.0
4;8700;SNACKPACK_RASPBERRY;10123;35;10121;44;;;10140;35;10142;44;;;10131.5;0.0
4;8700;SNACKPACK_VANILLA;10034;35;10032;44;;;10051;35;10053;44;;;10042.5;0.0
4;8700;SNACKPACK_STRAWBERRY;10795;35;10793;44;;;10813;35;10815;44;;;10804.0;0.0
4;8800;SNACKPACK_CHOCOLATE;9840;34;9838;44;;;9856;34;9858;44;;;9848.0;0.0
4;8800;SNACKPACK_RASPBERRY;10124;34;10122;44;;;10142;34;10144;44;;;10133.0;0.0
4;8800;SNACKPACK_STRAWBERRY;10794;34;10791;44;;;10812;34;10814;44;;;10803.0;0.0
4;8800;SNACKPACK_VANILLA;10023;34;10021;44;;;10040;34;10042;44;;;10031.5;0.0
4;8800;SNACKPACK_PISTACHIO;9375;34;9373;44;;;9391;34;9393;44;;;9383.0;0.0
4;8900;SNACKPACK_RASPBERRY;10137;26;10135;48;;;10154;26;10156;48;;;10145.5;0.0
4;8900;SNACKPACK_CHOCOLATE;9841;26;9839;48;;;9858;26;9860;48;;;9849.5;0.0
4;8900;SNACKPACK_STRAWBERRY;10784;26;10782;48;;;10803;26;10805;48;;;10793.5;0.0
4;8900;SNACKPACK_PISTACHIO;9370;26;9368;48;;;9386;26;9388;48;;;9378.0;0.0
4;8900;SNACKPACK_VANILLA;10022;26;10020;48;;;10039;26;10041;48;;;10030.5;0.0
4;9000;SNACKPACK_VANILLA;10039;2;10031;28;10029;40;10048;28;10050;40;;;10043.5;0.0
4;9000;SNACKPACK_RASPBERRY;10150;2;10141;28;10139;40;10159;28;10161;40;;;10154.5;0.0
4;9000;SNACKPACK_CHOCOLATE;9841;2;9833;28;9831;40;9850;28;9852;40;;;9845.5;0.0
4;9000;SNACKPACK_STRAWBERRY;10787;2;10778;28;10776;40;10797;28;10799;40;;;10792.0;0.0
4;9000;SNACKPACK_PISTACHIO;9375;2;9367;28;9365;40;9383;28;9385;40;;;9379.0;0.0
4;9100;SNACKPACK_VANILLA;10036;40;10034;42;;;10053;40;10055;42;;;10044.5;0.0
4;9100;SNACKPACK_RASPBERRY;10132;40;10130;42;;;10149;40;10151;42;;;10140.5;0.0
4;9100;SNACKPACK_PISTACHIO;9371;40;9369;42;;;9387;40;9389;42;;;9379.0;0.0
4;9100;SNACKPACK_CHOCOLATE;9829;40;9827;42;;;9845;40;9847;42;;;9837.0;0.0
4;9100;SNACKPACK_STRAWBERRY;10784;40;10781;42;;;10802;40;10804;42;;;10793.0;0.0
4;9200;SNACKPACK_RASPBERRY;10134;37;10132;58;;;10151;37;10153;58;;;10142.5;0.0
4;9200;SNACKPACK_VANILLA;10029;37;10027;58;;;10046;37;10048;58;;;10037.5;0.0
4;9200;SNACKPACK_CHOCOLATE;9835;37;9834;58;;;9852;37;9854;58;;;9843.5;0.0
4;9200;SNACKPACK_PISTACHIO;9373;37;9371;58;;;9389;37;9390;58;;;9381.0;0.0
4;9200;SNACKPACK_STRAWBERRY;10784;37;10782;58;;;10802;37;10804;58;;;10793.0;0.0
4;9300;SNACKPACK_STRAWBERRY;10785;36;10783;47;;;10804;36;10806;47;;;10794.5;0.0
4;9300;SNACKPACK_RASPBERRY;10134;36;10132;47;;;10151;36;10153;47;;;10142.5;0.0
4;9300;SNACKPACK_VANILLA;10035;36;10033;47;;;10052;36;10054;47;;;10043.5;0.0
4;9300;SNACKPACK_PISTACHIO;9378;36;9377;47;;;9394;36;9396;47;;;9386.0;0.0
4;9300;SNACKPACK_CHOCOLATE;9827;36;9825;47;;;9844;36;9846;47;;;9835.5;0.0
4;9400;SNACKPACK_STRAWBERRY;10780;39;10778;42;;;10798;39;10801;42;;;10789.0;0.0
4;9400;SNACKPACK_PISTACHIO;9377;39;9375;42;;;9393;39;9395;42;;;9385.0;0.0
4;9400;SNACKPACK_VANILLA;10029;39;10027;42;;;10046;39;10048;42;;;10037.5;0.0
4;9400;SNACKPACK_RASPBERRY;10143;39;10141;42;;;10160;39;10162;42;;;10151.5;0.0
4;9400;SNACKPACK_CHOCOLATE;9833;39;9831;42;;;9850;39;9852;42;;;9841.5;0.0
4;9500;SNACKPACK_VANILLA;10022;27;10020;59;;;10039;27;10041;59;;;10030.5;0.0
4;9500;SNACKPACK_STRAWBERRY;10770;27;10768;59;;;10788;27;10790;59;;;10779.0;0.0
4;9500;SNACKPACK_PISTACHIO;9369;27;9367;59;;;9385;27;9387;59;;;9377.0;0.0
4;9500;SNACKPACK_RASPBERRY;10153;27;10151;59;;;10170;27;10172;59;;;10161.5;0.0
4;9500;SNACKPACK_CHOCOLATE;9840;27;9838;59;;;9857;27;9859;59;;;9848.5;0.0
4;9600;SNACKPACK_CHOCOLATE;9851;36;9849;55;;;9868;36;9870;55;;;9859.5;0.0
4;9600;SNACKPACK_PISTACHIO;9362;36;9360;55;;;9378;36;9380;55;;;9370.0;0.0
4;9600;SNACKPACK_STRAWBERRY;10761;36;10759;55;;;10780;36;10782;55;;;10770.5;0.0
4;9600;SNACKPACK_VANILLA;10010;36;10008;55;;;10027;36;10029;55;;;10018.5;0.0
4;9600;SNACKPACK_RASPBERRY;10164;36;10162;55;;;10181;36;10183;55;;;10172.5;0.0
4;9700;SNACKPACK_PISTACHIO;9362;39;9360;43;;;9378;39;9380;43;;;9370.0;0.0
4;9700;SNACKPACK_CHOCOLATE;9844;39;9842;43;;;9860;39;9862;43;;;9852.0;0.0
4;9700;SNACKPACK_STRAWBERRY;10770;39;10768;43;;;10788;39;10790;43;;;10779.0;0.0
4;9700;SNACKPACK_RASPBERRY;10153;39;10151;43;;;10170;39;10172;43;;;10161.5;0.0
4;9700;SNACKPACK_VANILLA;10018;39;10016;43;;;10035;39;10037;43;;;10026.5;0.0
4;9800;SNACKPACK_PISTACHIO;9373;31;9371;52;;;9389;31;9391;52;;;9381.0;0.0
4;9800;SNACKPACK_CHOCOLATE;9844;31;9842;52;;;9861;31;9863;52;;;9852.5;0.0
4;9800;SNACKPACK_STRAWBERRY;10788;31;10786;52;;;10807;31;10809;52;;;10797.5;0.0
4;9800;SNACKPACK_RASPBERRY;10133;31;10131;52;;;10150;31;10152;52;;;10141.5;0.0
4;9800;SNACKPACK_VANILLA;10014;31;10012;52;;;10031;31;10033;52;;;10022.5;0.0
4;9900;SNACKPACK_CHOCOLATE;9845;21;9843;49;;;9862;21;9864;49;;;9853.5;0.0
4;9900;SNACKPACK_STRAWBERRY;10783;21;10781;49;;;10801;21;10803;49;;;10792.0;0.0
4;9900;SNACKPACK_RASPBERRY;10136;21;10134;49;;;10154;21;10156;49;;;10145.0;0.0
4;9900;SNACKPACK_VANILLA;10017;21;10015;49;;;10034;21;10036;49;;;10025.5;0.0
4;9900;SNACKPACK_PISTACHIO;9370;21;9368;49;;;9386;21;9388;49;;;9378.0;0.0
4;10000;SNACKPACK_RASPBERRY;10146;24;10144;53;;;10163;24;10165;53;;;10154.5;0.0
4;10000;SNACKPACK_CHOCOLATE;9843;24;9841;53;;;9859;24;9861;53;;;9851.0;0.0
4;10000;SNACKPACK_STRAWBERRY;10772;24;10770;53;;;10791;24;10793;53;;;10781.5;0.0
4;10000;SNACKPACK_VANILLA;10021;24;10019;53;;;10038;24;10040;53;;;10029.5;0.0
4;10000;SNACKPACK_PISTACHIO;9365;24;9363;53;;;9381;24;9383;53;;;9373.0;0.0
4;10100;SNACKPACK_VANILLA;10020;35;10018;51;;;10037;35;10039;51;;;10028.5;0.0
4;10100;SNACKPACK_RASPBERRY;10133;35;10131;51;;;10150;35;10152;51;;;10141.5;0.0
4;10100;SNACKPACK_CHOCOLATE;9843;35;9841;51;;;9859;35;9861;51;;;9851.0;0.0
4;10100;SNACKPACK_PISTACHIO;9369;35;9367;51;;;9385;35;9387;51;;;9377.0;0.0
4;10100;SNACKPACK_STRAWBERRY;10782;35;10780;51;;;10800;35;10802;51;;;10791.0;0.0
4;10200;SNACKPACK_VANILLA;10028;34;10026;56;;;10045;34;10047;56;;;10036.5;0.0
4;10200;SNACKPACK_RASPBERRY;10120;34;10118;56;;;10137;34;10140;56;;;10128.5;0.0
4;10200;SNACKPACK_PISTACHIO;9379;34;9377;56;;;9395;34;9397;56;;;9387.0;0.0
4;10200;SNACKPACK_CHOCOLATE;9834;34;9832;56;;;9851;34;9853;56;;;9842.5;0.0
4;10200;SNACKPACK_STRAWBERRY;10796;34;10794;56;;;10814;34;10816;56;;;10805.0;0.0
4;10300;SNACKPACK_RASPBERRY;10116;24;10114;51;;;10133;24;10135;51;;;10124.5;0.0
4;10300;SNACKPACK_VANILLA;10027;24;10025;51;;;10045;24;10047;51;;;10036.0;0.0
4;10300;SNACKPACK_STRAWBERRY;10801;24;10799;51;;;10820;24;10822;51;;;10810.5;0.0
4;10300;SNACKPACK_PISTACHIO;9382;24;9381;51;;;9398;24;9400;51;;;9390.0;0.0
4;10300;SNACKPACK_CHOCOLATE;9836;24;9834;51;;;9852;24;9854;51;;;9844.0;0.0
4;10400;SNACKPACK_RASPBERRY;10103;35;10101;42;;;10120;35;10122;42;;;10111.5;0.0
4;10400;SNACKPACK_STRAWBERRY;10815;35;10812;42;;;10833;35;10835;42;;;10824.0;0.0
4;10400;SNACKPACK_PISTACHIO;9390;35;9389;42;;;9406;35;9408;42;;;9398.0;0.0
4;10400;SNACKPACK_VANILLA;10022;35;10020;42;;;10039;35;10041;42;;;10030.5;0.0
4;10400;SNACKPACK_CHOCOLATE;9839;35;9837;42;;;9856;35;9857;42;;;9847.5;0.0
4;10500;SNACKPACK_STRAWBERRY;10804;37;10802;60;;;10822;37;10824;60;;;10813.0;0.0
4;10500;SNACKPACK_PISTACHIO;9382;37;9380;60;;;9398;37;9400;60;;;9390.0;0.0
4;10500;SNACKPACK_VANILLA;10018;37;10016;60;;;10035;37;10037;60;;;10026.5;0.0
4;10500;SNACKPACK_RASPBERRY;10114;37;10112;60;;;10131;37;10133;60;;;10122.5;0.0
4;10500;SNACKPACK_CHOCOLATE;9842;37;9840;60;;;9859;37;9861;60;;;9850.5;0.0
4;10600;SNACKPACK_CHOCOLATE;9847;20;9845;58;;;9855;6;9864;20;9866;58;9851.0;0.0
4;10600;SNACKPACK_STRAWBERRY;10806;20;10804;58;;;10815;6;10825;20;10827;58;10810.5;0.0
4;10600;SNACKPACK_PISTACHIO;9386;20;9384;58;;;9394;6;9402;20;9404;58;9390.0;0.0
4;10600;SNACKPACK_VANILLA;10012;20;10010;58;;;10020;6;10029;20;10031;58;10016.0;0.0
4;10600;SNACKPACK_RASPBERRY;10109;20;10107;58;;;10117;6;10127;20;10129;58;10113.0;0.0
4;10700;SNACKPACK_PISTACHIO;9379;31;9378;45;;;9395;31;9397;45;;;9387.0;0.0
4;10700;SNACKPACK_CHOCOLATE;9846;31;9844;45;;;9863;31;9865;45;;;9854.5;0.0
4;10700;SNACKPACK_STRAWBERRY;10796;31;10793;45;;;10814;31;10816;45;;;10805.0;0.0
4;10700;SNACKPACK_VANILLA;10014;31;10012;45;;;10031;31;10033;45;;;10022.5;0.0
4;10700;SNACKPACK_RASPBERRY;10121;31;10119;45;;;10138;31;10140;45;;;10129.5;0.0
4;10800;SNACKPACK_CHOCOLATE;9838;30;9836;58;;;9855;30;9857;58;;;9846.5;0.0
4;10800;SNACKPACK_PISTACHIO;9370;30;9368;58;;;9386;30;9388;58;;;9378.0;0.0
4;10800;SNACKPACK_STRAWBERRY;10787;30;10785;58;;;10805;30;10808;58;;;10796.0;0.0
4;10800;SNACKPACK_RASPBERRY;10125;30;10123;58;;;10142;30;10144;58;;;10133.5;0.0
4;10800;SNACKPACK_VANILLA;10022;30;10020;58;;;10039;30;10041;58;;;10030.5;0.0
4;10900;SNACKPACK_PISTACHIO;9373;37;9371;47;;;9389;37;9391;47;;;9381.0;0.0
4;10900;SNACKPACK_CHOCOLATE;9833;37;9831;47;;;9850;37;9852;47;;;9841.5;0.0
4;10900;SNACKPACK_STRAWBERRY;10792;37;10790;47;;;10810;37;10812;47;;;10801.0;0.0
4;10900;SNACKPACK_RASPBERRY;10121;37;10119;47;;;10138;37;10140;47;;;10129.5;0.0
4;10900;SNACKPACK_VANILLA;10027;37;10025;47;;;10044;37;10047;47;;;10035.5;0.0
4;11000;SNACKPACK_RASPBERRY;10115;28;10113;40;;;10132;28;10134;40;;;10123.5;0.0
4;11000;SNACKPACK_CHOCOLATE;9828;28;9826;40;;;9844;28;9846;40;;;9836.0;0.0
4;11000;SNACKPACK_STRAWBERRY;10801;28;10798;40;;;10819;28;10821;40;;;10810.0;0.0
4;11000;SNACKPACK_VANILLA;10034;28;10032;40;;;10051;28;10053;40;;;10042.5;0.0
4;11000;SNACKPACK_PISTACHIO;9379;28;9377;40;;;9395;28;9396;40;;;9387.0;0.0
4;11100;SNACKPACK_RASPBERRY;10113;33;10111;48;;;10130;33;10132;48;;;10121.5;0.0
4;11100;SNACKPACK_CHOCOLATE;9818;33;9816;48;;;9834;33;9836;48;;;9826.0;0.0
4;11100;SNACKPACK_PISTACHIO;9378;33;9377;48;;;9394;33;9396;48;;;9386.0;0.0
4;11100;SNACKPACK_VANILLA;10044;33;10042;48;;;10061;33;10063;48;;;10052.5;0.0
4;11100;SNACKPACK_STRAWBERRY;10803;33;10801;48;;;10821;33;10824;48;;;10812.0;0.0
4;11200;SNACKPACK_VANILLA;10028;22;10026;43;;;10045;22;10047;43;;;10036.5;0.0
4;11200;SNACKPACK_RASPBERRY;10116;22;10114;43;;;10133;22;10135;43;;;10124.5;0.0
4;11200;SNACKPACK_CHOCOLATE;9836;22;9834;43;;;9853;22;9855;43;;;9844.5;0.0
4;11200;SNACKPACK_PISTACHIO;9378;22;9376;43;;;9394;22;9396;43;;;9386.0;0.0
4;11200;SNACKPACK_STRAWBERRY;10799;22;10797;43;;;10817;22;10819;43;;;10808.0;0.0
4;11300;SNACKPACK_VANILLA;10024;20;10022;48;;;10041;20;10043;48;;;10032.5;0.0
4;11300;SNACKPACK_RASPBERRY;10118;20;10115;48;;;10135;20;10137;48;;;10126.5;0.0
4;11300;SNACKPACK_CHOCOLATE;9838;20;9836;48;;;9855;20;9857;48;;;9846.5;0.0
4;11300;SNACKPACK_PISTACHIO;9382;20;9380;48;;;9398;20;9400;48;;;9390.0;0.0
4;11300;SNACKPACK_STRAWBERRY;10798;20;10796;48;;;10816;20;10818;48;;;10807.0;0.0
4;11400;SNACKPACK_STRAWBERRY;10797;29;10795;57;;;10816;29;10818;57;;;10806.5;0.0
4;11400;SNACKPACK_RASPBERRY;10121;29;10119;57;;;10138;29;10140;57;;;10129.5;0.0
4;11400;SNACKPACK_VANILLA;10024;29;10022;57;;;10041;29;10043;57;;;10032.5;0.0
4;11400;SNACKPACK_PISTACHIO;9382;29;9380;57;;;9398;29;9400;57;;;9390.0;0.0
4;11400;SNACKPACK_CHOCOLATE;9835;29;9833;57;;;9852;29;9854;57;;;9843.5;0.0
4;11500;SNACKPACK_STRAWBERRY;10803;24;10801;47;;;10822;24;10824;47;;;10812.5;0.0
4;11500;SNACKPACK_RASPBERRY;10113;24;10111;47;;;10130;24;10132;47;;;10121.5;0.0
4;11500;SNACKPACK_PISTACHIO;9385;24;9384;47;;;9401;24;9403;47;;;9393.0;0.0
4;11500;SNACKPACK_VANILLA;10019;24;10017;47;;;10036;24;10038;47;;;10027.5;0.0
4;11500;SNACKPACK_CHOCOLATE;9842;24;9840;47;;;9859;24;9861;47;;;9850.5;0.0
4;11600;SNACKPACK_STRAWBERRY;10815;29;10813;40;;;10834;29;10836;40;;;10824.5;0.0
4;11600;SNACKPACK_PISTACHIO;9396;29;9394;40;;;9412;29;9414;40;;;9404.0;0.0
4;11600;SNACKPACK_VANILLA;10010;29;10008;40;;;10027;29;10029;40;;;10018.5;0.0
4;11600;SNACKPACK_RASPBERRY;10101;29;10099;40;;;10118;29;10120;40;;;10109.5;0.0
4;11600;SNACKPACK_CHOCOLATE;9850;29;9848;40;;;9867;29;9869;40;;;9858.5;0.0
4;11700;SNACKPACK_CHOCOLATE;9852;25;9850;42;;;9868;25;9870;42;;;9860.0;0.0
4;11700;SNACKPACK_PISTACHIO;9399;25;9397;42;;;9415;25;9417;42;;;9407.0;0.0
4;11700;SNACKPACK_STRAWBERRY;10826;25;10824;42;;;10844;25;10847;42;;;10835.0;0.0
4;11700;SNACKPACK_VANILLA;10008;25;10006;42;;;10025;25;10027;42;;;10016.5;0.0
4;11700;SNACKPACK_RASPBERRY;10090;25;10088;42;;;10107;25;10109;42;;;10098.5;0.0
4;11800;SNACKPACK_CHOCOLATE;9844;20;9843;42;;;9861;20;9863;42;;;9852.5;0.0
4;11800;SNACKPACK_PISTACHIO;9390;20;9388;42;;;9406;20;9408;42;;;9398.0;0.0
4;11800;SNACKPACK_STRAWBERRY;10811;20;10809;42;;;10829;20;10831;42;;;10820.0;0.0
4;11800;SNACKPACK_VANILLA;10015;20;10013;42;;;10032;20;10034;42;;;10023.5;0.0
4;11800;SNACKPACK_RASPBERRY;10104;20;10102;42;;;10121;20;10123;42;;;10112.5;0.0
4;11900;SNACKPACK_PISTACHIO;9400;21;9398;45;;;9416;21;9418;45;;;9408.0;0.0
4;11900;SNACKPACK_CHOCOLATE;9852;21;9850;45;;;9869;21;9871;45;;;9860.5;0.0
4;11900;SNACKPACK_RASPBERRY;10096;21;10094;45;;;10113;21;10115;45;;;10104.5;0.0
4;11900;SNACKPACK_VANILLA;10007;21;10005;45;;;10024;21;10026;45;;;10015.5;0.0
4;11900;SNACKPACK_STRAWBERRY;10822;21;10820;45;;;10840;21;10842;45;;;10831.0;0.0
4;12000;SNACKPACK_CHOCOLATE;9862;33;9860;46;;;9878;33;9880;46;;;9870.0;0.0
4;12000;SNACKPACK_RASPBERRY;10089;33;10087;46;;;10106;33;10108;46;;;10097.5;0.0
4;12000;SNACKPACK_STRAWBERRY;10829;33;10826;46;;;10847;33;10849;46;;;10838.0;0.0
4;12000;SNACKPACK_PISTACHIO;9402;33;9400;46;;;9418;33;9420;46;;;9410.0;0.0
4;12000;SNACKPACK_VANILLA;9999;33;9997;46;;;10016;33;10018;46;;;10007.5;0.0
4;12100;SNACKPACK_RASPBERRY;10088;27;10086;43;;;10105;27;10107;43;;;10096.5;0.0
4;12100;SNACKPACK_CHOCOLATE;9853;27;9851;43;;;9870;27;9872;43;;;9861.5;0.0
4;12100;SNACKPACK_STRAWBERRY;10829;27;10827;43;;;10848;27;10850;43;;;10838.5;0.0
4;12100;SNACKPACK_VANILLA;10007;27;10005;43;;;10024;27;10026;43;;;10015.5;0.0
4;12100;SNACKPACK_PISTACHIO;9401;27;9399;43;;;9417;27;9419;43;;;9409.0;0.0
4;12200;SNACKPACK_VANILLA;10002;34;10000;54;;;10020;34;10022;54;;;10011.0;0.0
4;12200;SNACKPACK_RASPBERRY;10083;34;10081;54;;;10101;34;10103;54;;;10092.0;0.0
4;12200;SNACKPACK_CHOCOLATE;9860;34;9858;54;;;9877;34;9879;54;;;9868.5;0.0
4;12200;SNACKPACK_PISTACHIO;9401;34;9399;54;;;9417;34;9419;54;;;9409.0;0.0
4;12200;SNACKPACK_STRAWBERRY;10834;34;10832;54;;;10853;34;10855;54;;;10843.5;0.0
4;12300;SNACKPACK_VANILLA;10009;31;10007;52;;;10026;31;10028;52;;;10017.5;0.0
4;12300;SNACKPACK_RASPBERRY;10079;31;10077;52;;;10096;31;10098;52;;;10087.5;0.0
4;12300;SNACKPACK_CHOCOLATE;9856;31;9854;52;;;9873;31;9875;52;;;9864.5;0.0
4;12300;SNACKPACK_PISTACHIO;9401;31;9400;52;;;9418;31;9419;52;;;9409.5;0.0
4;12300;SNACKPACK_STRAWBERRY;10837;31;10834;52;;;10855;31;10857;52;;;10846.0;0.0
4;12400;SNACKPACK_RASPBERRY;10074;20;10072;56;;;10091;20;10094;56;;;10082.5;0.0
4;12400;SNACKPACK_VANILLA;10000;20;9998;56;;;10017;20;10019;56;;;10008.5;0.0
4;12400;SNACKPACK_PISTACHIO;9404;20;9403;56;;;9421;20;9422;56;;;9412.5;0.0
4;12400;SNACKPACK_CHOCOLATE;9867;20;9865;56;;;9884;20;9886;56;;;9875.5;0.0
4;12400;SNACKPACK_STRAWBERRY;10844;20;10841;56;;;10862;20;10864;56;;;10853.0;0.0
4;12500;SNACKPACK_RASPBERRY;10072;30;10070;42;;;10089;30;10091;42;;;10080.5;0.0
4;12500;SNACKPACK_STRAWBERRY;10848;30;10846;42;;;10867;30;10869;42;;;10857.5;0.0
4;12500;SNACKPACK_VANILLA;9997;30;9995;42;;;10014;30;10016;42;;;10005.5;0.0
4;12500;SNACKPACK_PISTACHIO;9406;30;9404;42;;;9422;30;9424;42;;;9414.0;0.0
4;12500;SNACKPACK_CHOCOLATE;9871;30;9869;42;;;9888;30;9890;42;;;9879.5;0.0
4;12600;SNACKPACK_STRAWBERRY;10853;33;10851;58;;;10871;33;10874;58;;;10862.0;0.0
4;12600;SNACKPACK_VANILLA;9986;33;9984;58;;;10003;33;10005;58;;;9994.5;0.0
4;12600;SNACKPACK_PISTACHIO;9409;33;9407;58;;;9425;33;9427;58;;;9417.0;0.0
4;12600;SNACKPACK_RASPBERRY;10070;33;10068;58;;;10088;33;10090;58;;;10079.0;0.0
4;12600;SNACKPACK_CHOCOLATE;9882;33;9880;58;;;9898;33;9900;58;;;9890.0;0.0
4;12700;SNACKPACK_PISTACHIO;9410;5;9403;22;9401;54;9419;22;9421;54;;;9414.5;0.0
4;12700;SNACKPACK_VANILLA;9997;5;9989;22;9987;54;10006;22;10008;54;;;10001.5;0.0
4;12700;SNACKPACK_STRAWBERRY;10861;5;10853;22;10850;54;10871;22;10873;54;;;10866.0;0.0
4;12700;SNACKPACK_RASPBERRY;10075;5;10067;22;10065;54;10084;22;10086;54;;;10079.5;0.0
4;12700;SNACKPACK_CHOCOLATE;9885;5;9877;22;9875;54;9894;22;9896;54;;;9889.5;0.0
4;12800;SNACKPACK_CHOCOLATE;9873;21;9871;58;;;9889;21;9891;58;;;9881.0;0.0
4;12800;SNACKPACK_PISTACHIO;9402;21;9401;58;;;9418;21;9420;58;;;9410.0;0.0
4;12800;SNACKPACK_STRAWBERRY;10849;21;10847;58;;;10867;21;10870;58;;;10858.0;0.0
4;12800;SNACKPACK_VANILLA;9990;21;9988;58;;;10007;21;10009;58;;;9998.5;0.0
4;12800;SNACKPACK_RASPBERRY;10070;21;10068;58;;;10087;21;10089;58;;;10078.5;0.0
4;12900;SNACKPACK_CHOCOLATE;9869;33;9867;41;;;9886;33;9887;41;;;9877.5;0.0
4;12900;SNACKPACK_PISTACHIO;9403;33;9401;41;;;9419;33;9421;41;;;9411.0;0.0
4;12900;SNACKPACK_STRAWBERRY;10850;33;10848;41;;;10869;33;10871;41;;;10859.5;0.0
4;12900;SNACKPACK_VANILLA;9994;33;9992;41;;;10011;33;10013;41;;;10002.5;0.0
4;12900;SNACKPACK_RASPBERRY;10066;33;10064;41;;;10083;33;10085;41;;;10074.5;0.0
4;13000;SNACKPACK_PISTACHIO;9398;25;9396;47;;;9414;25;9416;47;;;9406.0;0.0
4;13000;SNACKPACK_CHOCOLATE;9869;25;9867;47;;;9886;25;9888;47;;;9877.5;0.0
4;13000;SNACKPACK_STRAWBERRY;10846;25;10843;47;;;10864;25;10866;47;;;10855.0;0.0
4;13000;SNACKPACK_RASPBERRY;10067;25;10065;47;;;10084;25;10086;47;;;10075.5;0.0
4;13000;SNACKPACK_VANILLA;9993;25;9991;47;;;10010;25;10012;47;;;10001.5;0.0
4;13100;SNACKPACK_CHOCOLATE;9873;26;9871;40;;;9890;26;9892;40;;;9881.5;0.0
4;13100;SNACKPACK_STRAWBERRY;10840;26;10838;40;;;10859;26;10861;40;;;10849.5;0.0
4;13100;SNACKPACK_RASPBERRY;10073;26;10071;40;;;10090;26;10092;40;;;10081.5;0.0
4;13100;SNACKPACK_PISTACHIO;9394;26;9392;40;;;9410;26;9412;40;;;9402.0;0.0
4;13100;SNACKPACK_VANILLA;9990;26;9988;40;;;10007;26;10009;40;;;9998.5;0.0
4;13200;SNACKPACK_RASPBERRY;10077;35;10075;41;;;10094;35;10096;41;;;10085.5;0.0
4;13200;SNACKPACK_CHOCOLATE;9869;35;9867;41;;;9886;35;9888;41;;;9877.5;0.0
4;13200;SNACKPACK_STRAWBERRY;10835;35;10833;41;;;10854;35;10856;41;;;10844.5;0.0
4;13200;SNACKPACK_PISTACHIO;9392;35;9390;41;;;9408;35;9410;41;;;9400.0;0.0
4;13200;SNACKPACK_VANILLA;9992;35;9990;41;;;10009;35;10011;41;;;10000.5;0.0
4;13300;SNACKPACK_VANILLA;10000;38;9998;45;;;10017;38;10019;45;;;10008.5;0.0
4;13300;SNACKPACK_RASPBERRY;10075;38;10073;45;;;10092;38;10094;45;;;10083.5;0.0
4;13300;SNACKPACK_CHOCOLATE;9861;38;9859;45;;;9878;38;9880;45;;;9869.5;0.0
4;13300;SNACKPACK_PISTACHIO;9396;38;9394;45;;;9412;38;9414;45;;;9404.0;0.0
4;13300;SNACKPACK_STRAWBERRY;10841;38;10839;45;;;10860;38;10862;45;;;10850.5;0.0
4;13400;SNACKPACK_VANILLA;10000;34;9998;55;;;10017;34;10019;55;;;10008.5;0.0
4;13400;SNACKPACK_RASPBERRY;10075;34;10073;55;;;10092;34;10094;55;;;10083.5;0.0
4;13400;SNACKPACK_CHOCOLATE;9862;34;9860;55;;;9878;34;9880;55;;;9870.0;0.0
4;13400;SNACKPACK_PISTACHIO;9401;34;9399;55;;;9417;34;9419;55;;;9409.0;0.0
4;13400;SNACKPACK_STRAWBERRY;10844;34;10841;55;;;10862;34;10864;55;;;10853.0;0.0
4;13500;SNACKPACK_RASPBERRY;10070;34;10068;52;;;10087;34;10089;52;;;10078.5;0.0
4;13500;SNACKPACK_VANILLA;10002;34;10000;52;;;10019;34;10021;52;;;10010.5;0.0
4;13500;SNACKPACK_STRAWBERRY;10851;34;10849;52;;;10869;34;10871;52;;;10860.0;0.0
4;13500;SNACKPACK_PISTACHIO;9408;34;9406;52;;;9424;34;9426;52;;;9416.0;0.0
4;13500;SNACKPACK_CHOCOLATE;9859;34;9857;52;;;9876;34;9878;52;;;9867.5;0.0
4;13600;SNACKPACK_RASPBERRY;10070;20;10068;49;;;10087;20;10089;49;;;10078.5;0.0
4;13600;SNACKPACK_STRAWBERRY;10853;20;10851;49;;;10871;20;10874;49;;;10862.0;0.0
4;13600;SNACKPACK_PISTACHIO;9412;20;9410;49;;;9428;20;9430;49;;;9420.0;0.0
4;13600;SNACKPACK_VANILLA;9992;20;9990;49;;;10009;20;10011;49;;;10000.5;0.0
4;13600;SNACKPACK_CHOCOLATE;9872;20;9870;49;;;9888;20;9890;49;;;9880.0;0.0
4;13700;SNACKPACK_STRAWBERRY;10859;40;10857;42;;;10878;40;10880;42;;;10868.5;0.0
4;13700;SNACKPACK_VANILLA;9999;40;9997;42;;;10016;40;10018;42;;;10007.5;0.0
4;13700;SNACKPACK_PISTACHIO;9414;40;9413;42;;;9431;40;9432;42;;;9422.5;0.0
4;13700;SNACKPACK_RASPBERRY;10066;40;10064;42;;;10083;40;10085;42;;;10074.5;0.0
4;13700;SNACKPACK_CHOCOLATE;9864;40;9863;42;;;9881;40;9883;42;;;9872.5;0.0
4;13800;SNACKPACK_CHOCOLATE;9866;29;9864;52;;;9883;29;9885;52;;;9874.5;0.0
4;13800;SNACKPACK_PISTACHIO;9412;29;9410;52;;;9428;29;9430;52;;;9420.0;0.0
4;13800;SNACKPACK_STRAWBERRY;10862;29;10860;52;;;10880;29;10882;52;;;10871.0;0.0
4;13800;SNACKPACK_VANILLA;9995;29;9993;52;;;10012;29;10014;52;;;10003.5;0.0
4;13800;SNACKPACK_RASPBERRY;10063;29;10061;52;;;10080;29;10082;52;;;10071.5;0.0
4;13900;SNACKPACK_CHOCOLATE;9869;30;9867;52;;;9886;30;9888;52;;;9877.5;0.0
4;13900;SNACKPACK_PISTACHIO;9415;30;9413;52;;;9431;30;9433;52;;;9423.0;0.0
4;13900;SNACKPACK_STRAWBERRY;10862;30;10860;52;;;10881;30;10883;52;;;10871.5;0.0
4;13900;SNACKPACK_VANILLA;9990;30;9988;52;;;10007;30;10009;52;;;9998.5;0.0
4;13900;SNACKPACK_RASPBERRY;10062;30;10060;52;;;10079;30;10081;52;;;10070.5;0.0
4;14000;SNACKPACK_PISTACHIO;9409;25;9407;42;;;9425;25;9427;42;;;9417.0;0.0
4;14000;SNACKPACK_CHOCOLATE;9874;25;9872;42;;;9891;25;9893;42;;;9882.5;0.0
4;14000;SNACKPACK_STRAWBERRY;10854;25;10851;42;;;10872;25;10874;42;;;10863.0;0.0
4;14000;SNACKPACK_RASPBERRY;10071;25;10069;42;;;10088;25;10090;42;;;10079.5;0.0
4;14000;SNACKPACK_VANILLA;9988;25;9986;42;;;10005;25;10007;42;;;9996.5;0.0
4;14100;SNACKPACK_PISTACHIO;9397;34;9395;58;;;9413;34;9415;58;;;9405.0;0.0
4;14100;SNACKPACK_CHOCOLATE;9876;34;9874;58;;;9893;34;9895;58;;;9884.5;0.0
4;14100;SNACKPACK_RASPBERRY;10085;34;10083;58;;;10103;34;10105;58;;;10094.0;0.0
4;14100;SNACKPACK_STRAWBERRY;10839;34;10837;58;;;10858;34;10860;58;;;10848.5;0.0
4;14100;SNACKPACK_VANILLA;9988;34;9986;58;;;10005;34;10007;58;;;9996.5;0.0
4;14200;SNACKPACK_RASPBERRY;10083;39;10081;49;;;10101;39;10103;49;;;10092.0;0.0
4;14200;SNACKPACK_CHOCOLATE;9881;39;9879;49;;;9897;39;9899;49;;;9889.0;0.0
4;14200;SNACKPACK_STRAWBERRY;10840;39;10838;49;;;10859;39;10861;49;;;10849.5;0.0
4;14200;SNACKPACK_VANILLA;9982;39;9980;49;;;9999;39;10001;49;;;9990.5;0.0
4;14200;SNACKPACK_PISTACHIO;9397;39;9395;49;;;9413;39;9415;49;;;9405.0;0.0
4;14300;SNACKPACK_RASPBERRY;10087;34;10085;42;;;10104;34;10106;42;;;10095.5;0.0
4;14300;SNACKPACK_CHOCOLATE;9876;34;9874;42;;;9893;34;9895;42;;;9884.5;0.0
4;14300;SNACKPACK_PISTACHIO;9393;34;9391;42;;;9409;34;9411;42;;;9401.0;0.0
4;14300;SNACKPACK_VANILLA;9986;34;9984;42;;;10003;34;10005;42;;;9994.5;0.0
4;14300;SNACKPACK_STRAWBERRY;10838;34;10836;42;;;10857;34;10859;42;;;10847.5;0.0
4;14400;SNACKPACK_VANILLA;9973;20;9971;52;;;9990;20;9992;52;;;9981.5;0.0
4;14400;SNACKPACK_RASPBERRY;10093;20;10091;52;;;10110;20;10112;52;;;10101.5;0.0
4;14400;SNACKPACK_CHOCOLATE;9888;20;9886;52;;;9904;20;9906;52;;;9896.0;0.0
4;14400;SNACKPACK_PISTACHIO;9388;20;9386;52;;;9404;20;9406;52;;;9396.0;0.0
4;14400;SNACKPACK_STRAWBERRY;10830;20;10828;52;;;10849;20;10851;52;;;10839.5;0.0
4;14500;SNACKPACK_VANILLA;9969;38;9967;60;;;9986;38;9988;60;;;9977.5;0.0
4;14500;SNACKPACK_RASPBERRY;10100;38;10098;60;;;10118;38;10120;60;;;10109.0;0.0
4;14500;SNACKPACK_CHOCOLATE;9892;38;9890;60;;;9909;38;9911;60;;;9900.5;0.0
4;14500;SNACKPACK_PISTACHIO;9384;38;9382;60;;;9400;38;9402;60;;;9392.0;0.0
4;14500;SNACKPACK_STRAWBERRY;10822;38;10820;60;;;10840;38;10842;60;;;10831.0;0.0
4;14600;SNACKPACK_STRAWBERRY;10821;33;10819;43;;;10839;33;10841;43;;;10830.0;0.0
4;14600;SNACKPACK_RASPBERRY;10105;33;10103;43;;;10122;33;10124;43;;;10113.5;0.0
4;14600;SNACKPACK_VANILLA;9979;33;9977;43;;;9996;33;9998;43;;;9987.5;0.0
4;14600;SNACKPACK_PISTACHIO;9383;33;9381;43;;;9399;33;9401;43;;;9391.0;0.0
4;14600;SNACKPACK_CHOCOLATE;9881;33;9879;43;;;9898;33;9900;43;;;9889.5;0.0
4;14700;SNACKPACK_STRAWBERRY;10824;33;10822;51;;;10842;33;10845;51;;;10833.0;0.0
4;14700;SNACKPACK_RASPBERRY;10097;33;10095;51;;;10114;33;10116;51;;;10105.5;0.0
4;14700;SNACKPACK_PISTACHIO;9384;33;9382;51;;;9400;33;9402;51;;;9392.0;0.0
4;14700;SNACKPACK_VANILLA;9970;33;9968;51;;;9987;33;9989;51;;;9978.5;0.0
4;14700;SNACKPACK_CHOCOLATE;9889;33;9887;51;;;9906;33;9908;51;;;9897.5;0.0
4;14800;SNACKPACK_STRAWBERRY;10829;21;10826;41;;;10847;21;10849;41;;;10838.0;0.0
4;14800;SNACKPACK_PISTACHIO;9387;21;9385;41;;;9403;21;9405;41;;;9395.0;0.0
4;14800;SNACKPACK_VANILLA;9968;21;9966;41;;;9985;21;9987;41;;;9976.5;0.0
4;14800;SNACKPACK_RASPBERRY;10091;21;10089;41;;;10108;21;10110;41;;;10099.5;0.0
4;14800;SNACKPACK_CHOCOLATE;9891;21;9889;41;;;9908;21;9910;41;;;9899.5;0.0
4;14900;SNACKPACK_CHOCOLATE;9883;20;9881;43;;;9899;20;9901;43;;;9891.0;0.0
4;14900;SNACKPACK_PISTACHIO;9384;20;9382;43;;;9400;20;9402;43;;;9392.0;0.0
4;14900;SNACKPACK_STRAWBERRY;10830;20;10828;43;;;10849;20;10851;43;;;10839.5;0.0
4;14900;SNACKPACK_VANILLA;9974;20;9972;43;;;9991;20;9993;43;;;9982.5;0.0
4;14900;SNACKPACK_RASPBERRY;10090;20;10088;43;;;10107;20;10109;43;;;10098.5;0.0
4;15000;SNACKPACK_CHOCOLATE;9873;31;9871;60;;;9890;31;9892;60;;;9881.5;0.0
4;15000;SNACKPACK_PISTACHIO;9387;31;9385;60;;;9403;31;9405;60;;;9395.0;0.0
4;15000;SNACKPACK_STRAWBERRY;10833;31;10831;60;;;10851;31;10853;60;;;10842.0;0.0
4;15000;SNACKPACK_VANILLA;9983;31;9981;60;;;10000;31;10002;60;;;9991.5;0.0
4;15000;SNACKPACK_RASPBERRY;10082;31;10080;60;;;10099;31;10101;60;;;10090.5;0.0
4;15100;SNACKPACK_PISTACHIO;9385;40;9383;56;;;9401;40;9403;56;;;9393.0;0.0
4;15100;SNACKPACK_CHOCOLATE;9865;40;9863;56;;;9882;40;9884;56;;;9873.5;0.0
4;15100;SNACKPACK_RASPBERRY;10083;40;10081;56;;;10100;40;10102;56;;;10091.5;0.0
4;15100;SNACKPACK_VANILLA;9990;40;9988;56;;;10007;40;10009;56;;;9998.5;0.0
4;15100;SNACKPACK_STRAWBERRY;10833;40;10831;56;;;10851;40;10853;56;;;10842.0;0.0
4;15200;SNACKPACK_CHOCOLATE;9868;22;9866;53;;;9885;22;9887;53;;;9876.5;0.0
4;15200;SNACKPACK_RASPBERRY;10077;22;10075;53;;;10095;22;10097;53;;;10086.0;0.0
4;15200;SNACKPACK_STRAWBERRY;10833;22;10831;53;;;10852;22;10854;53;;;10842.5;0.0
4;15200;SNACKPACK_PISTACHIO;9384;22;9382;53;;;9400;22;9402;53;;;9392.0;0.0
4;15200;SNACKPACK_VANILLA;9983;22;9981;53;;;10000;22;10002;53;;;9991.5;0.0
4;15300;SNACKPACK_RASPBERRY;10082;21;10080;57;;;10099;21;10101;57;;;10090.5;0.0
4;15300;SNACKPACK_CHOCOLATE;9873;21;9872;57;;;9890;21;9892;57;;;9881.5;0.0
4;15300;SNACKPACK_STRAWBERRY;10827;21;10825;57;;;10845;21;10847;57;;;10836.0;0.0
4;15300;SNACKPACK_VANILLA;9978;21;9976;57;;;9995;21;9997;57;;;9986.5;0.0
4;15300;SNACKPACK_PISTACHIO;9378;21;9376;57;;;9394;21;9395;57;;;9386.0;0.0
4;15400;SNACKPACK_VANILLA;9975;37;9973;42;;;9992;37;9994;42;;;9983.5;0.0
4;15400;SNACKPACK_RASPBERRY;10094;37;10092;42;;;10111;37;10113;42;;;10102.5;0.0
4;15400;SNACKPACK_CHOCOLATE;9877;37;9875;42;;;9894;37;9896;42;;;9885.5;0.0
4;15400;SNACKPACK_PISTACHIO;9372;37;9370;42;;;9388;37;9390;42;;;9380.0;0.0
4;15400;SNACKPACK_STRAWBERRY;10816;37;10813;42;;;10834;37;10836;42;;;10825.0;0.0
4;15500;SNACKPACK_VANILLA;9984;27;9982;50;;;10001;27;10003;50;;;9992.5;0.0
4;15500;SNACKPACK_RASPBERRY;10102;27;10100;50;;;10119;27;10121;50;;;10110.5;0.0
4;15500;SNACKPACK_CHOCOLATE;9867;27;9865;50;;;9884;27;9886;50;;;9875.5;0.0
4;15500;SNACKPACK_PISTACHIO;9367;27;9366;50;;;9383;27;9385;50;;;9375.0;0.0
4;15500;SNACKPACK_STRAWBERRY;10806;27;10804;50;;;10825;27;10827;50;;;10815.5;0.0
4;15600;SNACKPACK_RASPBERRY;10110;24;10108;40;;;10128;24;10130;40;;;10119.0;0.0
4;15600;SNACKPACK_VANILLA;9983;24;9981;40;;;10000;24;10002;40;;;9991.5;0.0
4;15600;SNACKPACK_PISTACHIO;9366;24;9364;40;;;9382;24;9384;40;;;9374.0;0.0
4;15600;SNACKPACK_CHOCOLATE;9867;24;9865;40;;;9884;24;9886;40;;;9875.5;0.0
4;15600;SNACKPACK_STRAWBERRY;10801;24;10798;40;;;10819;24;10821;40;;;10810.0;0.0
4;15700;SNACKPACK_RASPBERRY;10101;38;10099;44;;;10118;38;10120;44;;;10109.5;0.0
4;15700;SNACKPACK_STRAWBERRY;10811;38;10809;44;;;10830;38;10832;44;;;10820.5;0.0
4;15700;SNACKPACK_VANILLA;9988;38;9986;44;;;10005;38;10007;44;;;9996.5;0.0
4;15700;SNACKPACK_PISTACHIO;9373;38;9371;44;;;9389;38;9391;44;;;9381.0;0.0
4;15700;SNACKPACK_CHOCOLATE;9861;38;9859;44;;;9878;38;9880;44;;;9869.5;0.0
4;15800;SNACKPACK_STRAWBERRY;10792;32;10789;47;;;10810;32;10812;47;;;10801.0;0.0
4;15800;SNACKPACK_VANILLA;9985;32;9983;47;;;10002;32;10004;47;;;9993.5;0.0
4;15800;SNACKPACK_PISTACHIO;9363;32;9361;47;;;9379;32;9381;47;;;9371.0;0.0
4;15800;SNACKPACK_RASPBERRY;10122;32;10120;47;;;10139;32;10141;47;;;10130.5;0.0
4;15800;SNACKPACK_CHOCOLATE;9861;32;9859;47;;;9878;32;9880;47;;;9869.5;0.0
4;15900;SNACKPACK_PISTACHIO;9362;31;9360;43;;;9378;31;9380;43;;;9370.0;0.0
4;15900;SNACKPACK_VANILLA;9984;31;9982;43;;;10001;31;10003;43;;;9992.5;0.0
4;15900;SNACKPACK_STRAWBERRY;10792;31;10790;43;;;10810;31;10813;43;;;10801.0;0.0
4;15900;SNACKPACK_RASPBERRY;10126;31;10124;43;;;10143;31;10145;43;;;10134.5;0.0
4;15900;SNACKPACK_CHOCOLATE;9864;31;9862;43;;;9880;31;9882;43;;;9872.0;0.0
4;16000;SNACKPACK_CHOCOLATE;9871;37;9869;53;;;9888;37;9890;53;;;9879.5;0.0
4;16000;SNACKPACK_PISTACHIO;9364;37;9362;53;;;9380;37;9381;53;;;9372.0;0.0
4;16000;SNACKPACK_STRAWBERRY;10794;37;10791;53;;;10812;37;10814;53;;;10803.0;0.0
4;16000;SNACKPACK_VANILLA;9977;37;9975;53;;;9994;37;9996;53;;;9985.5;0.0
4;16000;SNACKPACK_RASPBERRY;10123;37;10120;53;;;10140;37;10142;53;;;10131.5;0.0
4;16100;SNACKPACK_CHOCOLATE;9876;34;9874;57;;;9892;34;9894;57;;;9884.0;0.0
4;16100;SNACKPACK_PISTACHIO;9359;34;9357;57;;;9375;34;9377;57;;;9367.0;0.0
4;16100;SNACKPACK_STRAWBERRY;10789;34;10786;57;;;10807;34;10809;57;;;10798.0;0.0
4;16100;SNACKPACK_VANILLA;9975;34;9973;57;;;9992;34;9994;57;;;9983.5;0.0
4;16100;SNACKPACK_RASPBERRY;10125;34;10123;57;;;10142;34;10144;57;;;10133.5;0.0
4;16200;SNACKPACK_PISTACHIO;9367;26;9365;53;;;9383;26;9385;53;;;9375.0;0.0
4;16200;SNACKPACK_CHOCOLATE;9871;26;9869;53;;;9888;26;9890;53;;;9879.5;0.0
4;16200;SNACKPACK_STRAWBERRY;10805;26;10803;53;;;10824;26;10826;53;;;10814.5;0.0
4;16200;SNACKPACK_RASPBERRY;10106;26;10104;53;;;10124;26;10126;53;;;10115.0;0.0
4;16200;SNACKPACK_VANILLA;9979;26;9977;53;;;9996;26;9998;53;;;9987.5;0.0
4;16300;SNACKPACK_CHOCOLATE;9882;36;9880;45;;;9898;36;9900;45;;;9890.0;0.0
4;16300;SNACKPACK_STRAWBERRY;10808;36;10806;45;;;10826;36;10828;45;;;10817.0;0.0
4;16300;SNACKPACK_RASPBERRY;10106;36;10104;45;;;10123;36;10125;45;;;10114.5;0.0
4;16300;SNACKPACK_PISTACHIO;9370;36;9368;45;;;9386;36;9388;45;;;9378.0;0.0
4;16300;SNACKPACK_VANILLA;9969;36;9967;45;;;9986;36;9988;45;;;9977.5;0.0
4;16400;SNACKPACK_RASPBERRY;10110;28;10108;57;;;10127;28;10129;57;;;10118.5;0.0
4;16400;SNACKPACK_CHOCOLATE;9877;28;9875;57;;;9894;28;9896;57;;;9885.5;0.0
4;16400;SNACKPACK_STRAWBERRY;10803;28;10801;57;;;10821;28;10823;57;;;10812.0;0.0
4;16400;SNACKPACK_PISTACHIO;9369;28;9367;57;;;9385;28;9386;57;;;9377.0;0.0
4;16400;SNACKPACK_VANILLA;9975;28;9973;57;;;9992;28;9994;57;;;9983.5;0.0
4;16500;SNACKPACK_VANILLA;9962;37;9960;41;;;9979;37;9981;41;;;9970.5;0.0
4;16500;SNACKPACK_RASPBERRY;10105;37;10103;41;;;10123;37;10125;41;;;10114.0;0.0
4;16500;SNACKPACK_CHOCOLATE;9887;37;9885;41;;;9904;37;9906;41;;;9895.5;0.0
4;16500;SNACKPACK_PISTACHIO;9373;37;9371;41;;;9389;37;9390;41;;;9381.0;0.0
4;16500;SNACKPACK_STRAWBERRY;10810;37;10807;41;;;10828;37;10830;41;;;10819.0;0.0
4;16600;SNACKPACK_VANILLA;9961;37;9959;50;;;9978;37;9980;50;;;9969.5;0.0
4;16600;SNACKPACK_RASPBERRY;10102;37;10100;50;;;10120;37;10122;50;;;10111.0;0.0
4;16600;SNACKPACK_CHOCOLATE;9889;37;9887;50;;;9906;37;9908;50;;;9897.5;0.0
4;16600;SNACKPACK_PISTACHIO;9375;37;9373;50;;;9391;37;9393;50;;;9383.0;0.0
4;16600;SNACKPACK_STRAWBERRY;10816;37;10814;50;;;10834;37;10836;50;;;10825.0;0.0
4;16700;SNACKPACK_VANILLA;9970;31;9968;42;;;9987;31;9989;42;;;9978.5;0.0
4;16700;SNACKPACK_STRAWBERRY;10811;31;10808;42;;;10829;31;10831;42;;;10820.0;0.0
4;16700;SNACKPACK_RASPBERRY;10110;31;10108;42;;;10128;31;10130;42;;;10119.0;0.0
4;16700;SNACKPACK_PISTACHIO;9368;31;9366;42;;;9384;31;9386;42;;;9376.0;0.0
4;16700;SNACKPACK_CHOCOLATE;9878;31;9876;42;;;9895;31;9896;42;;;9886.5;0.0
4;16800;SNACKPACK_RASPBERRY;10115;34;10113;53;;;10133;34;10135;53;;;10124.0;0.0
4;16800;SNACKPACK_STRAWBERRY;10806;34;10804;53;;;10824;34;10826;53;;;10815.0;0.0
4;16800;SNACKPACK_PISTACHIO;9366;34;9364;53;;;9382;34;9384;53;;;9374.0;0.0
4;16800;SNACKPACK_VANILLA;9964;34;9962;53;;;9981;34;9983;53;;;9972.5;0.0
4;16800;SNACKPACK_CHOCOLATE;9884;34;9882;53;;;9901;34;9903;53;;;9892.5;0.0
4;16900;SNACKPACK_STRAWBERRY;10797;39;10795;43;;;10815;39;10817;43;;;10806.0;0.0
4;16900;SNACKPACK_VANILLA;9949;39;9947;43;;;9966;39;9968;43;;;9957.5;0.0
4;16900;SNACKPACK_PISTACHIO;9359;39;9358;43;;;9375;39;9377;43;;;9367.0;0.0
4;16900;SNACKPACK_RASPBERRY;10124;39;10122;43;;;10141;39;10143;43;;;10132.5;0.0
4;16900;SNACKPACK_CHOCOLATE;9899;39;9898;43;;;9916;39;9918;43;;;9907.5;0.0
4;17000;SNACKPACK_CHOCOLATE;9905;36;9903;46;;;9922;36;9924;46;;;9913.5;0.0
4;17000;SNACKPACK_PISTACHIO;9365;36;9363;46;;;9381;36;9383;46;;;9373.0;0.0
4;17000;SNACKPACK_STRAWBERRY;10807;36;10804;46;;;10825;36;10827;46;;;10816.0;0.0
4;17000;SNACKPACK_VANILLA;9944;36;9942;46;;;9961;36;9963;46;;;9952.5;0.0
4;17000;SNACKPACK_RASPBERRY;10117;36;10115;46;;;10134;36;10136;46;;;10125.5;0.0
4;17100;SNACKPACK_CHOCOLATE;9902;36;9900;46;;;9919;36;9921;46;;;9910.5;0.0
4;17100;SNACKPACK_PISTACHIO;9357;36;9355;46;;;9373;36;9375;46;;;9365.0;0.0
4;17100;SNACKPACK_STRAWBERRY;10793;36;10791;46;;;10811;36;10814;46;;;10802.0;0.0
4;17100;SNACKPACK_VANILLA;9948;36;9946;46;;;9965;36;9967;46;;;9956.5;0.0
4;17100;SNACKPACK_RASPBERRY;10132;36;10130;46;;;10149;36;10151;46;;;10140.5;0.0
4;17200;SNACKPACK_PISTACHIO;9358;30;9356;46;;;9374;30;9375;46;;;9366.0;0.0
4;17200;SNACKPACK_CHOCOLATE;9912;30;9910;46;;;9929;30;9931;46;;;9920.5;0.0
4;17200;SNACKPACK_STRAWBERRY;10793;30;10791;46;;;10811;30;10813;46;;;10802.0;0.0
4;17200;SNACKPACK_VANILLA;9940;30;9938;46;;;9957;30;9959;46;;;9948.5;0.0
4;17200;SNACKPACK_RASPBERRY;10132;30;10130;46;;;10149;30;10151;46;;;10140.5;0.0
4;17300;SNACKPACK_PISTACHIO;9356;36;9354;54;;;9372;36;9374;54;;;9364.0;0.0
4;17300;SNACKPACK_CHOCOLATE;9911;36;9909;54;;;9928;36;9930;54;;;9919.5;0.0
4;17300;SNACKPACK_RASPBERRY;10132;36;10130;54;;;10149;36;10151;54;;;10140.5;0.0
4;17300;SNACKPACK_STRAWBERRY;10789;36;10787;54;;;10808;36;10810;54;;;10798.5;0.0
4;17300;SNACKPACK_VANILLA;9943;36;9941;54;;;9960;36;9962;54;;;9951.5;0.0
4;17400;SNACKPACK_RASPBERRY;10133;25;10131;52;;;10150;25;10152;52;;;10141.5;0.0
4;17400;SNACKPACK_CHOCOLATE;9896;25;9894;52;;;9913;25;9915;52;;;9904.5;0.0
4;17400;SNACKPACK_STRAWBERRY;10788;25;10786;52;;;10807;25;10809;52;;;10797.5;0.0
4;17400;SNACKPACK_VANILLA;9959;25;9957;52;;;9976;25;9978;52;;;9967.5;0.0
4;17400;SNACKPACK_PISTACHIO;9355;25;9353;52;;;9371;25;9373;52;;;9363.0;0.0
4;17500;SNACKPACK_CHOCOLATE;9907;6;9899;21;9897;44;9916;21;9918;44;;;9911.5;0.0
4;17500;SNACKPACK_RASPBERRY;10127;6;10119;21;10117;44;10136;21;10138;44;;;10131.5;0.0
4;17500;SNACKPACK_PISTACHIO;9366;6;9358;21;9356;44;9374;21;9376;44;;;9370.0;0.0
4;17500;SNACKPACK_VANILLA;9965;6;9958;21;9956;44;9974;21;9976;44;;;9969.5;0.0
4;17500;SNACKPACK_STRAWBERRY;10811;6;10802;21;10800;44;10820;21;10823;44;;;10815.5;0.0
4;17600;SNACKPACK_VANILLA;9952;34;9950;57;;;9969;34;9971;57;;;9960.5;0.0
4;17600;SNACKPACK_RASPBERRY;10132;34;10130;57;;;10149;34;10151;57;;;10140.5;0.0
4;17600;SNACKPACK_CHOCOLATE;9906;34;9904;57;;;9923;34;9925;57;;;9914.5;0.0
4;17600;SNACKPACK_PISTACHIO;9355;34;9353;57;;;9371;34;9372;57;;;9363.0;0.0
4;17600;SNACKPACK_STRAWBERRY;10793;34;10791;57;;;10811;34;10814;57;;;10802.0;0.0
4;17700;SNACKPACK_VANILLA;9954;25;9952;50;;;9971;25;9973;50;;;9962.5;0.0
4;17700;SNACKPACK_RASPBERRY;10140;25;10138;50;;;10157;25;10160;50;;;10148.5;0.0
4;17700;SNACKPACK_PISTACHIO;9354;25;9352;50;;;9370;25;9372;50;;;9362.0;0.0
4;17700;SNACKPACK_CHOCOLATE;9903;25;9901;50;;;9919;25;9921;50;;;9911.0;0.0
4;17700;SNACKPACK_STRAWBERRY;10790;25;10788;50;;;10808;25;10810;50;;;10799.0;0.0
4;17800;SNACKPACK_RASPBERRY;10141;32;10139;48;;;10159;32;10161;48;;;10150.0;0.0
4;17800;SNACKPACK_STRAWBERRY;10788;32;10786;48;;;10806;32;10809;48;;;10797.0;0.0
4;17800;SNACKPACK_VANILLA;9965;32;9963;48;;;9982;32;9984;48;;;9973.5;0.0
4;17800;SNACKPACK_PISTACHIO;9355;32;9353;48;;;9371;32;9373;48;;;9363.0;0.0
4;17800;SNACKPACK_CHOCOLATE;9893;32;9891;48;;;9910;32;9912;48;;;9901.5;0.0
4;17900;SNACKPACK_STRAWBERRY;10784;36;10782;41;;;10802;36;10805;41;;;10793.0;0.0
4;17900;SNACKPACK_RASPBERRY;10145;36;10143;41;;;10162;36;10164;41;;;10153.5;0.0
4;17900;SNACKPACK_PISTACHIO;9353;36;9351;41;;;9369;36;9371;41;;;9361.0;0.0
4;17900;SNACKPACK_VANILLA;9963;36;9961;41;;;9980;36;9982;41;;;9971.5;0.0
4;17900;SNACKPACK_CHOCOLATE;9896;36;9894;41;;;9912;36;9914;41;;;9904.0;0.0
4;18000;SNACKPACK_STRAWBERRY;10796;31;10794;44;;;10814;31;10817;44;;;10805.0;0.0
4;18000;SNACKPACK_PISTACHIO;9357;31;9356;44;;;9373;31;9375;44;;;9365.0;0.0
4;18000;SNACKPACK_VANILLA;9950;31;9948;44;;;9967;31;9969;44;;;9958.5;0.0
4;18000;SNACKPACK_CHOCOLATE;9909;31;9907;44;;;9926;31;9928;44;;;9917.5;0.0
4;18000;SNACKPACK_RASPBERRY;10133;31;10131;44;;;10150;31;10152;44;;;10141.5;0.0
4;18100;SNACKPACK_CHOCOLATE;9907;34;9905;47;;;9924;34;9926;47;;;9915.5;0.0
4;18100;SNACKPACK_PISTACHIO;9360;34;9358;47;;;9376;34;9378;47;;;9368.0;0.0
4;18100;SNACKPACK_STRAWBERRY;10798;34;10796;47;;;10816;34;10818;47;;;10807.0;0.0
4;18100;SNACKPACK_VANILLA;9953;34;9951;47;;;9969;34;9971;47;;;9961.0;0.0
4;18100;SNACKPACK_RASPBERRY;10129;34;10127;47;;;10146;34;10148;47;;;10137.5;0.0
4;18200;SNACKPACK_CHOCOLATE;9913;22;9911;41;;;9930;22;9932;41;;;9921.5;0.0
4;18200;SNACKPACK_PISTACHIO;9364;22;9362;41;;;9380;22;9382;41;;;9372.0;0.0
4;18200;SNACKPACK_STRAWBERRY;10806;22;10803;41;;;10824;22;10826;41;;;10815.0;0.0
4;18200;SNACKPACK_VANILLA;9946;22;9944;41;;;9963;22;9965;41;;;9954.5;0.0
4;18200;SNACKPACK_RASPBERRY;10124;22;10122;41;;;10141;22;10143;41;;;10132.5;0.0
4;18300;SNACKPACK_PISTACHIO;9365;21;9363;58;;;9381;21;9382;58;;;9373.0;0.0
4;18300;SNACKPACK_CHOCOLATE;9915;21;9913;58;;;9931;21;9933;58;;;9923.0;0.0
4;18300;SNACKPACK_VANILLA;9944;21;9942;58;;;9961;21;9962;58;;;9952.5;0.0
4;18300;SNACKPACK_STRAWBERRY;10798;21;10796;58;;;10817;21;10819;58;;;10807.5;0.0
4;18300;SNACKPACK_RASPBERRY;10132;21;10130;58;;;10149;21;10151;58;;;10140.5;0.0
4;18400;SNACKPACK_CHOCOLATE;9901;27;9899;42;;;9918;27;9920;42;;;9909.5;0.0
4;18400;SNACKPACK_RASPBERRY;10134;27;10132;42;;;10151;27;10153;42;;;10142.5;0.0
4;18400;SNACKPACK_STRAWBERRY;10797;27;10795;42;;;10816;27;10818;42;;;10806.5;0.0
4;18400;SNACKPACK_PISTACHIO;9366;27;9364;42;;;9382;27;9384;42;;;9374.0;0.0
4;18400;SNACKPACK_VANILLA;9957;27;9955;42;;;9974;27;9976;42;;;9965.5;0.0
4;18500;SNACKPACK_RASPBERRY;10138;37;10136;55;;;10156;37;10158;55;;;10147.0;0.0
4;18500;SNACKPACK_CHOCOLATE;9892;37;9890;55;;;9909;37;9911;55;;;9900.5;0.0
4;18500;SNACKPACK_STRAWBERRY;10793;37;10791;55;;;10812;37;10814;55;;;10802.5;0.0
4;18500;SNACKPACK_VANILLA;9967;37;9965;55;;;9984;37;9986;55;;;9975.5;0.0
4;18500;SNACKPACK_PISTACHIO;9360;37;9358;55;;;9376;37;9378;55;;;9368.0;0.0
4;18600;SNACKPACK_VANILLA;9975;26;9973;59;;;9992;26;9994;59;;;9983.5;0.0
4;18600;SNACKPACK_RASPBERRY;10135;26;10133;59;;;10152;26;10154;59;;;10143.5;0.0
4;18600;SNACKPACK_CHOCOLATE;9883;26;9881;59;;;9899;26;9901;59;;;9891.0;0.0
4;18600;SNACKPACK_PISTACHIO;9366;26;9364;59;;;9382;26;9384;59;;;9374.0;0.0
4;18600;SNACKPACK_STRAWBERRY;10799;26;10797;59;;;10817;26;10819;59;;;10808.0;0.0
4;18700;SNACKPACK_VANILLA;9972;23;9970;53;;;9989;23;9991;53;;;9980.5;0.0
4;18700;SNACKPACK_RASPBERRY;10135;23;10133;53;;;10153;23;10155;53;;;10144.0;0.0
4;18700;SNACKPACK_CHOCOLATE;9884;23;9882;53;;;9900;23;9902;53;;;9892.0;0.0
4;18700;SNACKPACK_PISTACHIO;9365;23;9363;53;;;9381;23;9383;53;;;9373.0;0.0
4;18700;SNACKPACK_STRAWBERRY;10798;23;10795;53;;;10816;23;10818;53;;;10807.0;0.0
4;18800;SNACKPACK_VANILLA;9978;40;9976;42;;;9995;40;9997;42;;;9986.5;0.0
4;18800;SNACKPACK_RASPBERRY;10140;40;10138;42;;;10157;40;10160;42;;;10148.5;0.0
4;18800;SNACKPACK_PISTACHIO;9365;40;9363;42;;;9381;40;9383;42;;;9373.0;0.0
4;18800;SNACKPACK_CHOCOLATE;9878;40;9876;42;;;9894;40;9896;42;;;9886.0;0.0
4;18800;SNACKPACK_STRAWBERRY;10794;40;10792;42;;;10812;40;10814;42;;;10803.0;0.0
4;18900;SNACKPACK_RASPBERRY;10153;21;10151;50;;;10170;21;10172;50;;;10161.5;0.0
4;18900;SNACKPACK_STRAWBERRY;10781;21;10779;50;;;10800;21;10802;50;;;10790.5;0.0
4;18900;SNACKPACK_VANILLA;9979;21;9977;50;;;9996;21;9998;50;;;9987.5;0.0
4;18900;SNACKPACK_PISTACHIO;9357;21;9355;50;;;9373;21;9375;50;;;9365.0;0.0
4;18900;SNACKPACK_CHOCOLATE;9875;21;9873;50;;;9891;21;9893;50;;;9883.0;0.0
4;19000;SNACKPACK_STRAWBERRY;10785;30;10783;45;;;10803;30;10805;45;;;10794.0;0.0
4;19000;SNACKPACK_VANILLA;9986;30;9984;45;;;10003;30;10005;45;;;9994.5;0.0
4;19000;SNACKPACK_PISTACHIO;9361;30;9359;45;;;9377;30;9379;45;;;9369.0;0.0
4;19000;SNACKPACK_RASPBERRY;10145;30;10143;45;;;10163;30;10165;45;;;10154.0;0.0
4;19000;SNACKPACK_CHOCOLATE;9866;30;9864;45;;;9883;30;9885;45;;;9874.5;0.0
4;19100;SNACKPACK_PISTACHIO;9351;21;9350;47;;;9367;21;9369;47;;;9359.0;0.0
4;19100;SNACKPACK_VANILLA;9982;21;9980;47;;;9999;21;10001;47;;;9990.5;0.0
4;19100;SNACKPACK_STRAWBERRY;10771;21;10769;47;;;10789;21;10791;47;;;10780.0;0.0
4;19100;SNACKPACK_CHOCOLATE;9872;21;9870;47;;;9889;21;9891;47;;;9880.5;0.0
4;19100;SNACKPACK_RASPBERRY;10161;21;10159;47;;;10179;21;10181;47;;;10170.0;0.0
4;19200;SNACKPACK_CHOCOLATE;9873;20;9871;41;;;9890;20;9892;41;;;9881.5;0.0
4;19200;SNACKPACK_PISTACHIO;9355;20;9353;41;;;9371;20;9372;41;;;9363.0;0.0
4;19200;SNACKPACK_STRAWBERRY;10774;20;10772;41;;;10792;20;10795;41;;;10783.0;0.0
4;19200;SNACKPACK_VANILLA;9979;20;9977;41;;;9996;20;9998;41;;;9987.5;0.0
4;19200;SNACKPACK_RASPBERRY;10155;20;10153;41;;;10172;20;10174;41;;;10163.5;0.0
4;19300;SNACKPACK_PISTACHIO;9355;39;9353;56;;;9371;39;9373;56;;;9363.0;0.0
4;19300;SNACKPACK_CHOCOLATE;9871;39;9869;56;;;9888;39;9890;56;;;9879.5;0.0
4;19300;SNACKPACK_STRAWBERRY;10771;39;10769;56;;;10790;39;10792;56;;;10780.5;0.0
4;19300;SNACKPACK_VANILLA;9983;39;9981;56;;;10000;39;10002;56;;;9991.5;0.0
4;19300;SNACKPACK_RASPBERRY;10164;39;10162;56;;;10181;39;10183;56;;;10172.5;0.0
4;19400;SNACKPACK_PISTACHIO;9351;28;9349;42;;;9367;28;9369;42;;;9359.0;0.0
4;19400;SNACKPACK_CHOCOLATE;9872;28;9870;42;;;9889;28;9891;42;;;9880.5;0.0
4;19400;SNACKPACK_RASPBERRY;10171;28;10169;42;;;10188;28;10190;42;;;10179.5;0.0
4;19400;SNACKPACK_STRAWBERRY;10763;28;10761;42;;;10781;28;10784;42;;;10772.0;0.0
4;19400;SNACKPACK_VANILLA;9981;28;9979;42;;;9998;28;10000;42;;;9989.5;0.0
4;19500;SNACKPACK_CHOCOLATE;9862;24;9860;40;;;9879;24;9881;40;;;9870.5;0.0
4;19500;SNACKPACK_STRAWBERRY;10768;24;10766;40;;;10786;24;10788;40;;;10777.0;0.0
4;19500;SNACKPACK_RASPBERRY;10170;24;10168;40;;;10187;24;10189;40;;;10178.5;0.0
4;19500;SNACKPACK_PISTACHIO;9357;24;9355;40;;;9373;24;9375;40;;;9365.0;0.0
4;19500;SNACKPACK_VANILLA;9992;24;9990;40;;;10009;24;10011;40;;;10000.5;0.0
4;19600;SNACKPACK_CHOCOLATE;9878;27;9876;58;;;9894;27;9896;58;;;9886.0;0.0
4;19600;SNACKPACK_RASPBERRY;10175;27;10173;58;;;10192;27;10194;58;;;10183.5;0.0
4;19600;SNACKPACK_STRAWBERRY;10764;27;10762;58;;;10782;27;10784;58;;;10773.0;0.0
4;19600;SNACKPACK_VANILLA;9975;27;9973;58;;;9992;27;9994;58;;;9983.5;0.0
4;19600;SNACKPACK_PISTACHIO;9353;27;9351;58;;;9369;27;9370;58;;;9361.0;0.0
4;19700;SNACKPACK_VANILLA;9976;26;9974;40;;;9993;26;9995;40;;;9984.5;0.0
4;19700;SNACKPACK_RASPBERRY;10181;26;10179;40;;;10198;26;10200;40;;;10189.5;0.0
4;19700;SNACKPACK_CHOCOLATE;9877;26;9875;40;;;9894;26;9896;40;;;9885.5;0.0
4;19700;SNACKPACK_PISTACHIO;9350;26;9348;40;;;9366;26;9368;40;;;9358.0;0.0
4;19700;SNACKPACK_STRAWBERRY;10762;26;10760;40;;;10781;26;10783;40;;;10771.5;0.0
4;19800;SNACKPACK_VANILLA;9971;31;9969;53;;;9988;31;9990;53;;;9979.5;0.0
4;19800;SNACKPACK_RASPBERRY;10177;31;10175;53;;;10194;31;10196;53;;;10185.5;0.0
4;19800;SNACKPACK_CHOCOLATE;9883;31;9881;53;;;9900;31;9902;53;;;9891.5;0.0
4;19800;SNACKPACK_PISTACHIO;9349;31;9347;53;;;9365;31;9367;53;;;9357.0;0.0
4;19800;SNACKPACK_STRAWBERRY;10761;31;10759;53;;;10780;31;10782;53;;;10770.5;0.0
4;19900;SNACKPACK_VANILLA;9968;26;9966;58;;;9985;26;9987;58;;;9976.5;0.0
4;19900;SNACKPACK_STRAWBERRY;10753;26;10750;58;;;10771;26;10773;58;;;10762.0;0.0
4;19900;SNACKPACK_RASPBERRY;10185;26;10183;58;;;10203;26;10205;58;;;10194.0;0.0
4;19900;SNACKPACK_PISTACHIO;9339;26;9337;58;;;9355;26;9357;58;;;9347.0;0.0
4;19900;SNACKPACK_CHOCOLATE;9885;26;9883;58;;;9902;26;9904;58;;;9893.5;0.0
4;20000;SNACKPACK_RASPBERRY;10189;20;10187;49;;;10206;20;10208;49;;;10197.5;0.0
4;20000;SNACKPACK_STRAWBERRY;10749;20;10747;49;;;10768;20;10770;49;;;10758.5;0.0
4;20000;SNACKPACK_VANILLA;9955;20;9953;49;;;9972;20;9974;49;;;9963.5;0.0
4;20000;SNACKPACK_PISTACHIO;9339;20;9337;49;;;9355;20;9357;49;;;9347.0;0.0
4;20000;SNACKPACK_CHOCOLATE;9898;20;9896;49;;;9915;20;9917;49;;;9906.5;0.0
4;20100;SNACKPACK_STRAWBERRY;10734;39;10732;40;;;10752;39;10754;40;;;10743.0;0.0
4;20100;SNACKPACK_VANILLA;9951;39;9949;40;;;9968;39;9970;40;;;9959.5;0.0
4;20100;SNACKPACK_PISTACHIO;9331;39;9329;40;;;9347;39;9349;40;;;9339.0;0.0
4;20100;SNACKPACK_RASPBERRY;10203;39;10201;40;;;10220;39;10222;40;;;10211.5;0.0
4;20100;SNACKPACK_CHOCOLATE;9901;39;9899;40;;;9917;39;9919;40;;;9909.0;0.0
4;20200;SNACKPACK_CHOCOLATE;9901;35;9899;56;;;9918;35;9920;56;;;9909.5;0.0
4;20200;SNACKPACK_PISTACHIO;9328;35;9327;56;;;9344;35;9346;56;;;9336.0;0.0
4;20200;SNACKPACK_STRAWBERRY;10732;35;10730;56;;;10751;35;10753;56;;;10741.5;0.0
4;20200;SNACKPACK_VANILLA;9953;35;9951;56;;;9970;35;9972;56;;;9961.5;0.0
4;20200;SNACKPACK_RASPBERRY;10207;35;10205;56;;;10225;35;10227;56;;;10216.0;0.0
4;20300;SNACKPACK_CHOCOLATE;9900;28;9898;51;;;9917;28;9919;51;;;9908.5;0.0
4;20300;SNACKPACK_PISTACHIO;9326;28;9324;51;;;9342;28;9344;51;;;9334.0;0.0
4;20300;SNACKPACK_STRAWBERRY;10722;28;10720;51;;;10740;28;10742;51;;;10731.0;0.0
4;20300;SNACKPACK_VANILLA;9956;28;9954;51;;;9973;28;9975;51;;;9964.5;0.0
4;20300;SNACKPACK_RASPBERRY;10218;28;10216;51;;;10235;28;10237;51;;;10226.5;0.0
4;20400;SNACKPACK_PISTACHIO;9328;20;9326;50;;;9344;20;9346;50;;;9336.0;0.0
4;20400;SNACKPACK_CHOCOLATE;9897;20;9895;50;;;9913;20;9915;50;;;9905.0;0.0
4;20400;SNACKPACK_STRAWBERRY;10729;20;10727;50;;;10747;20;10749;50;;;10738.0;0.0
4;20400;SNACKPACK_VANILLA;9959;20;9957;50;;;9976;20;9978;50;;;9967.5;0.0
4;20400;SNACKPACK_RASPBERRY;10210;20;10208;50;;;10228;20;10230;50;;;10219.0;0.0
4;20500;SNACKPACK_PISTACHIO;9336;22;9334;55;;;9351;22;9353;55;;;9343.5;0.0
4;20500;SNACKPACK_CHOCOLATE;9902;22;9900;55;;;9919;22;9921;55;;;9910.5;0.0
4;20500;SNACKPACK_RASPBERRY;10202;22;10200;55;;;10220;22;10222;55;;;10211.0;0.0
4;20500;SNACKPACK_STRAWBERRY;10737;22;10735;55;;;10755;22;10757;55;;;10746.0;0.0
4;20500;SNACKPACK_VANILLA;9953;22;9951;55;;;9970;22;9972;55;;;9961.5;0.0
4;20600;SNACKPACK_RASPBERRY;10197;37;10195;57;;;10215;37;10217;57;;;10206.0;0.0
4;20600;SNACKPACK_CHOCOLATE;9893;37;9891;57;;;9910;37;9912;57;;;9901.5;0.0
4;20600;SNACKPACK_STRAWBERRY;10741;37;10739;57;;;10759;37;10761;57;;;10750.0;0.0
4;20600;SNACKPACK_VANILLA;9962;37;9960;57;;;9978;37;9980;57;;;9970.0;0.0
4;20600;SNACKPACK_PISTACHIO;9342;37;9340;57;;;9358;37;9360;57;;;9350.0;0.0
4;20700;SNACKPACK_CHOCOLATE;9884;25;9882;50;;;9901;25;9903;50;;;9892.5;0.0
4;20700;SNACKPACK_RASPBERRY;10187;25;10185;50;;;10204;25;10206;50;;;10195.5;0.0
4;20700;SNACKPACK_VANILLA;9971;25;9969;50;;;9987;25;9989;50;;;9979.0;0.0
4;20700;SNACKPACK_PISTACHIO;9344;25;9342;50;;;9360;25;9362;50;;;9352.0;0.0
4;20700;SNACKPACK_STRAWBERRY;10754;25;10752;50;;;10772;25;10774;50;;;10763.0;0.0
4;20800;SNACKPACK_VANILLA;9970;27;9968;49;;;9987;27;9989;49;;;9978.5;0.0
4;20800;SNACKPACK_RASPBERRY;10182;27;10180;49;;;10200;27;10202;49;;;10191.0;0.0
4;20800;SNACKPACK_CHOCOLATE;9885;27;9883;49;;;9901;27;9903;49;;;9893.0;0.0
4;20800;SNACKPACK_PISTACHIO;9349;27;9347;49;;;9365;27;9367;49;;;9357.0;0.0
4;20800;SNACKPACK_STRAWBERRY;10758;27;10756;49;;;10776;27;10778;49;;;10767.0;0.0
4;20900;SNACKPACK_VANILLA;9963;28;9961;41;;;9980;28;9982;41;;;9971.5;0.0
4;20900;SNACKPACK_RASPBERRY;10182;28;10180;41;;;10200;28;10202;41;;;10191.0;0.0
4;20900;SNACKPACK_PISTACHIO;9353;28;9352;41;;;9369;28;9371;41;;;9361.0;0.0
4;20900;SNACKPACK_CHOCOLATE;9891;28;9889;41;;;9908;28;9910;41;;;9899.5;0.0
4;20900;SNACKPACK_STRAWBERRY;10760;28;10758;41;;;10778;28;10780;41;;;10769.0;0.0
4;21000;SNACKPACK_RASPBERRY;10182;30;10180;56;;;10199;30;10201;56;;;10190.5;0.0
4;21000;SNACKPACK_STRAWBERRY;10761;30;10759;56;;;10779;30;10781;56;;;10770.0;0.0
4;21000;SNACKPACK_VANILLA;9968;30;9966;56;;;9985;30;9987;56;;;9976.5;0.0
4;21000;SNACKPACK_PISTACHIO;9356;30;9354;56;;;9372;30;9374;56;;;9364.0;0.0
4;21000;SNACKPACK_CHOCOLATE;9888;30;9886;56;;;9905;30;9907;56;;;9896.5;0.0
4;21100;SNACKPACK_STRAWBERRY;10751;28;10749;49;;;10769;28;10772;49;;;10760.0;0.0
4;21100;SNACKPACK_RASPBERRY;10191;28;10189;49;;;10208;28;10210;49;;;10199.5;0.0
4;21100;SNACKPACK_VANILLA;9968;28;9966;49;;;9985;28;9987;49;;;9976.5;0.0
4;21100;SNACKPACK_PISTACHIO;9349;28;9348;49;;;9365;28;9367;49;;;9357.0;0.0
4;21100;SNACKPACK_CHOCOLATE;9887;28;9885;49;;;9904;28;9906;49;;;9895.5;0.0
4;21200;SNACKPACK_STRAWBERRY;10753;30;10751;52;;;10771;30;10773;52;;;10762.0;0.0
4;21200;SNACKPACK_VANILLA;9964;30;9962;52;;;9981;30;9983;52;;;9972.5;0.0
4;21200;SNACKPACK_PISTACHIO;9349;30;9348;52;;;9365;30;9367;52;;;9357.0;0.0
4;21200;SNACKPACK_CHOCOLATE;9892;30;9890;52;;;9909;30;9911;52;;;9900.5;0.0
4;21200;SNACKPACK_RASPBERRY;10189;30;10187;52;;;10206;30;10208;52;;;10197.5;0.0
4;21300;SNACKPACK_CHOCOLATE;9890;23;9888;56;;;9907;23;9909;56;;;9898.5;0.0
4;21300;SNACKPACK_PISTACHIO;9354;23;9352;56;;;9370;23;9372;56;;;9362.0;0.0
4;21300;SNACKPACK_STRAWBERRY;10764;23;10762;56;;;10782;23;10784;56;;;10773.0;0.0
4;21300;SNACKPACK_VANILLA;9967;23;9965;56;;;9984;23;9986;56;;;9975.5;0.0
4;21300;SNACKPACK_RASPBERRY;10176;23;10174;56;;;10194;23;10196;56;;;10185.0;0.0
4;21400;SNACKPACK_PISTACHIO;9357;37;9355;59;;;9373;37;9375;59;;;9365.0;0.0
4;21400;SNACKPACK_CHOCOLATE;9898;37;9896;59;;;9915;37;9917;59;;;9906.5;0.0
4;21400;SNACKPACK_STRAWBERRY;10767;37;10765;59;;;10785;37;10788;59;;;10776.0;0.0
4;21400;SNACKPACK_VANILLA;9959;37;9957;59;;;9976;37;9978;59;;;9967.5;0.0
4;21400;SNACKPACK_RASPBERRY;10176;37;10174;59;;;10193;37;10196;59;;;10184.5;0.0
4;21500;SNACKPACK_PISTACHIO;9356;34;9354;54;;;9372;34;9374;54;;;9364.0;0.0
4;21500;SNACKPACK_CHOCOLATE;9890;34;9888;54;;;9907;34;9909;54;;;9898.5;0.0
4;21500;SNACKPACK_VANILLA;9967;34;9965;54;;;9984;34;9986;54;;;9975.5;0.0
4;21500;SNACKPACK_RASPBERRY;10181;34;10179;54;;;10198;34;10200;54;;;10189.5;0.0
4;21500;SNACKPACK_STRAWBERRY;10765;34;10763;54;;;10783;34;10785;54;;;10774.0;0.0
4;21600;SNACKPACK_CHOCOLATE;9892;30;9890;50;;;9909;30;9911;50;;;9900.5;0.0
4;21600;SNACKPACK_RASPBERRY;10173;30;10171;50;;;10190;30;10192;50;;;10181.5;0.0
4;21600;SNACKPACK_STRAWBERRY;10774;30;10771;50;;;10792;30;10794;50;;;10783.0;0.0
4;21600;SNACKPACK_VANILLA;9965;30;9963;50;;;9981;30;9983;50;;;9973.0;0.0
4;21600;SNACKPACK_PISTACHIO;9359;30;9357;50;;;9375;30;9377;50;;;9367.0;0.0
4;21700;SNACKPACK_RASPBERRY;10174;27;10172;56;;;10192;27;10194;56;;;10183.0;0.0
4;21700;SNACKPACK_CHOCOLATE;9890;27;9888;56;;;9907;27;9909;56;;;9898.5;0.0
4;21700;SNACKPACK_STRAWBERRY;10770;27;10768;56;;;10789;27;10791;56;;;10779.5;0.0
4;21700;SNACKPACK_VANILLA;9965;27;9963;56;;;9982;27;9984;56;;;9973.5;0.0
4;21700;SNACKPACK_PISTACHIO;9356;27;9354;56;;;9372;27;9374;56;;;9364.0;0.0
4;21800;SNACKPACK_VANILLA;9957;39;9955;41;;;9974;39;9976;41;;;9965.5;0.0
4;21800;SNACKPACK_RASPBERRY;10166;39;10164;41;;;10184;39;10186;41;;;10175.0;0.0
4;21800;SNACKPACK_CHOCOLATE;9899;39;9897;41;;;9916;39;9918;41;;;9907.5;0.0
4;21800;SNACKPACK_PISTACHIO;9357;39;9355;41;;;9373;39;9375;41;;;9365.0;0.0
4;21800;SNACKPACK_STRAWBERRY;10776;39;10773;41;;;10794;39;10796;41;;;10785.0;0.0
4;21900;SNACKPACK_VANILLA;9956;40;9954;44;;;9973;40;9975;44;;;9964.5;0.0
4;21900;SNACKPACK_RASPBERRY;10176;40;10174;44;;;10194;40;10196;44;;;10185.0;0.0
4;21900;SNACKPACK_CHOCOLATE;9901;40;9899;44;;;9918;40;9920;44;;;9909.5;0.0
4;21900;SNACKPACK_PISTACHIO;9350;40;9348;44;;;9366;40;9368;44;;;9358.0;0.0
4;21900;SNACKPACK_STRAWBERRY;10765;40;10763;44;;;10783;40;10785;44;;;10774.0;0.0
4;22000;SNACKPACK_VANILLA;9959;34;9957;59;;;9976;34;9978;59;;;9967.5;0.0
4;22000;SNACKPACK_RASPBERRY;10182;34;10180;59;;;10200;34;10202;59;;;10191.0;0.0
4;22000;SNACKPACK_PISTACHIO;9345;34;9343;59;;;9361;34;9363;59;;;9353.0;0.0
4;22000;SNACKPACK_CHOCOLATE;9897;34;9895;59;;;9914;34;9916;59;;;9905.5;0.0
4;22000;SNACKPACK_STRAWBERRY;10760;34;10758;59;;;10778;34;10780;59;;;10769.0;0.0
4;22100;SNACKPACK_RASPBERRY;10187;35;10185;60;;;10204;35;10206;60;;;10195.5;0.0
4;22100;SNACKPACK_STRAWBERRY;10755;35;10753;60;;;10774;35;10776;60;;;10764.5;0.0
4;22100;SNACKPACK_VANILLA;9965;35;9963;60;;;9982;35;9984;60;;;9973.5;0.0
4;22100;SNACKPACK_PISTACHIO;9341;35;9339;60;;;9357;35;9359;60;;;9349.0;0.0
4;22100;SNACKPACK_CHOCOLATE;9890;35;9888;60;;;9907;35;9909;60;;;9898.5;0.0
4;22200;SNACKPACK_STRAWBERRY;10758;26;10756;59;;;10776;26;10779;59;;;10767.0;0.0
4;22200;SNACKPACK_VANILLA;9963;26;9961;59;;;9980;26;9982;59;;;9971.5;0.0
4;22200;SNACKPACK_PISTACHIO;9346;26;9344;59;;;9361;26;9363;59;;;9353.5;0.0
4;22200;SNACKPACK_RASPBERRY;10185;26;10183;59;;;10203;26;10205;59;;;10194.0;0.0
4;22200;SNACKPACK_CHOCOLATE;9890;26;9888;59;;;9907;26;9909;59;;;9898.5;0.0
4;22300;SNACKPACK_VANILLA;9969;35;9967;55;;;9986;35;9988;55;;;9977.5;0.0
4;22300;SNACKPACK_PISTACHIO;9348;35;9346;55;;;9364;35;9366;55;;;9356.0;0.0
4;22300;SNACKPACK_STRAWBERRY;10761;35;10759;55;;;10779;35;10781;55;;;10770.0;0.0
4;22300;SNACKPACK_CHOCOLATE;9883;35;9881;55;;;9900;35;9902;55;;;9891.5;0.0
4;22300;SNACKPACK_RASPBERRY;10182;35;10180;55;;;10200;35;10202;55;;;10191.0;0.0
4;22400;SNACKPACK_CHOCOLATE;9885;25;9883;55;;;9901;25;9903;55;;;9893.0;0.0
4;22400;SNACKPACK_PISTACHIO;9350;25;9348;55;;;9366;25;9368;55;;;9358.0;0.0
4;22400;SNACKPACK_STRAWBERRY;10764;25;10762;55;;;10782;25;10784;55;;;10773.0;0.0
4;22400;SNACKPACK_VANILLA;9968;25;9966;55;;;9985;25;9987;55;;;9976.5;0.0
4;22400;SNACKPACK_RASPBERRY;10182;25;10180;55;;;10199;25;10201;55;;;10190.5;0.0
4;22500;SNACKPACK_PISTACHIO;9350;23;9348;60;;;9366;23;9368;60;;;9358.0;0.0
4;22500;SNACKPACK_CHOCOLATE;9872;23;9870;60;;;9889;23;9891;60;;;9880.5;0.0
4;22500;SNACKPACK_STRAWBERRY;10765;23;10763;60;;;10783;23;10785;60;;;10774.0;0.0
4;22500;SNACKPACK_VANILLA;9978;23;9976;60;;;9995;23;9997;60;;;9986.5;0.0
4;22500;SNACKPACK_RASPBERRY;10187;23;10185;60;;;10204;23;10206;60;;;10195.5;0.0
4;22600;SNACKPACK_PISTACHIO;9344;26;9343;50;;;9360;26;9362;50;;;9352.0;0.0
4;22600;SNACKPACK_CHOCOLATE;9871;26;9869;50;;;9888;26;9890;50;;;9879.5;0.0
4;22600;SNACKPACK_RASPBERRY;10204;26;10202;50;;;10222;26;10224;50;;;10213.0;0.0
4;22600;SNACKPACK_STRAWBERRY;10750;26;10748;50;;;10768;26;10771;50;;;10759.0;0.0
4;22600;SNACKPACK_VANILLA;9978;26;9976;50;;;9995;26;9997;50;;;9986.5;0.0
4;22700;SNACKPACK_CHOCOLATE;9876;26;9875;41;;;9893;26;9895;41;;;9884.5;0.0
4;22700;SNACKPACK_RASPBERRY;10208;26;10206;41;;;10226;26;10228;41;;;10217.0;0.0
4;22700;SNACKPACK_STRAWBERRY;10746;26;10744;41;;;10765;26;10767;41;;;10755.5;0.0
4;22700;SNACKPACK_VANILLA;9972;26;9970;41;;;9989;26;9991;41;;;9980.5;0.0
4;22700;SNACKPACK_PISTACHIO;9343;26;9342;41;;;9359;26;9361;41;;;9351.0;0.0
4;22800;SNACKPACK_CHOCOLATE;9865;40;9863;53;;;9882;40;9884;53;;;9873.5;0.0
4;22800;SNACKPACK_RASPBERRY;10213;40;10211;53;;;10230;40;10232;53;;;10221.5;0.0
4;22800;SNACKPACK_STRAWBERRY;10740;40;10738;53;;;10758;40;10761;53;;;10749.0;0.0
4;22800;SNACKPACK_VANILLA;9982;40;9980;53;;;9999;40;10001;53;;;9990.5;0.0
4;22800;SNACKPACK_PISTACHIO;9337;40;9336;53;;;9353;40;9355;53;;;9345.0;0.0
4;22900;SNACKPACK_VANILLA;9991;33;9989;55;;;10008;33;10010;55;;;9999.5;0.0
4;22900;SNACKPACK_RASPBERRY;10218;33;10216;55;;;10236;33;10238;55;;;10227.0;0.0
4;22900;SNACKPACK_CHOCOLATE;9859;33;9857;55;;;9876;33;9878;55;;;9867.5;0.0
4;22900;SNACKPACK_PISTACHIO;9334;33;9333;55;;;9350;33;9352;55;;;9342.0;0.0
4;22900;SNACKPACK_STRAWBERRY;10735;33;10733;55;;;10753;33;10755;55;;;10744.0;0.0
4;23000;SNACKPACK_VANILLA;9979;23;9977;45;;;9996;23;9998;45;;;9987.5;0.0
4;23000;SNACKPACK_RASPBERRY;10229;23;10227;45;;;10247;23;10249;45;;;10238.0;0.0
4;23000;SNACKPACK_PISTACHIO;9332;23;9330;45;;;9348;23;9350;45;;;9340.0;0.0
4;23000;SNACKPACK_CHOCOLATE;9870;23;9868;45;;;9887;23;9889;45;;;9878.5;0.0
4;23000;SNACKPACK_STRAWBERRY;10729;23;10726;45;;;10747;23;10749;45;;;10738.0;0.0
4;23100;SNACKPACK_VANILLA;9978;32;9976;54;;;9995;32;9997;54;;;9986.5;0.0
4;23100;SNACKPACK_RASPBERRY;10245;32;10243;54;;;10263;32;10265;54;;;10254.0;0.0
4;23100;SNACKPACK_STRAWBERRY;10714;32;10712;54;;;10732;32;10734;54;;;10723.0;0.0
4;23100;SNACKPACK_PISTACHIO;9323;32;9321;54;;;9339;32;9340;54;;;9331.0;0.0
4;23100;SNACKPACK_CHOCOLATE;9874;32;9872;54;;;9890;32;9892;54;;;9882.0;0.0
4;23200;SNACKPACK_RASPBERRY;10234;35;10232;60;;;10252;35;10254;60;;;10243.0;0.0
4;23200;SNACKPACK_STRAWBERRY;10726;35;10724;60;;;10745;35;10747;60;;;10735.5;0.0
4;23200;SNACKPACK_VANILLA;9977;35;9975;60;;;9994;35;9995;60;;;9985.5;0.0
4;23200;SNACKPACK_PISTACHIO;9331;35;9329;60;;;9347;35;9349;60;;;9339.0;0.0
4;23200;SNACKPACK_CHOCOLATE;9877;35;9875;60;;;9894;35;9896;60;;;9885.5;0.0
4;23300;SNACKPACK_STRAWBERRY;10734;40;10732;49;;;10752;40;10754;49;;;10743.0;0.0
4;23300;SNACKPACK_VANILLA;9969;40;9967;49;;;9986;40;9988;49;;;9977.5;0.0
4;23300;SNACKPACK_PISTACHIO;9333;40;9331;49;;;9349;40;9351;49;;;9341.0;0.0
4;23300;SNACKPACK_RASPBERRY;10229;40;10227;49;;;10247;40;10249;49;;;10238.0;0.0
4;23300;SNACKPACK_CHOCOLATE;9886;40;9884;49;;;9903;40;9905;49;;;9894.5;0.0
4;23400;SNACKPACK_CHOCOLATE;9885;34;9883;51;;;9902;34;9904;51;;;9893.5;0.0
4;23400;SNACKPACK_PISTACHIO;9329;34;9327;51;;;9345;34;9347;51;;;9337.0;0.0
4;23400;SNACKPACK_STRAWBERRY;10727;34;10724;51;;;10745;34;10747;51;;;10736.0;0.0
4;23400;SNACKPACK_VANILLA;9969;34;9967;51;;;9986;34;9988;51;;;9977.5;0.0
4;23400;SNACKPACK_RASPBERRY;10233;34;10231;51;;;10251;34;10253;51;;;10242.0;0.0
4;23500;SNACKPACK_CHOCOLATE;9897;22;9895;40;;;9914;22;9916;40;;;9905.5;0.0
4;23500;SNACKPACK_PISTACHIO;9319;22;9317;40;;;9335;22;9337;40;;;9327.0;0.0
4;23500;SNACKPACK_STRAWBERRY;10710;22;10707;40;;;10728;22;10730;40;;;10719.0;0.0
4;23500;SNACKPACK_VANILLA;9958;22;9956;40;;;9975;22;9977;40;;;9966.5;0.0
4;23500;SNACKPACK_RASPBERRY;10247;22;10245;40;;;10264;22;10266;40;;;10255.5;0.0
4;23600;SNACKPACK_PISTACHIO;9318;27;9316;44;;;9334;27;9336;44;;;9326.0;0.0
4;23600;SNACKPACK_CHOCOLATE;9902;27;9900;44;;;9919;27;9921;44;;;9910.5;0.0
4;23600;SNACKPACK_STRAWBERRY;10703;27;10701;44;;;10721;27;10724;44;;;10712.0;0.0
4;23600;SNACKPACK_VANILLA;9955;27;9953;44;;;9971;27;9973;44;;;9963.0;0.0
4;23600;SNACKPACK_RASPBERRY;10249;27;10247;44;;;10267;27;10269;44;;;10258.0;0.0
4;23700;SNACKPACK_PISTACHIO;9318;22;9316;48;;;9334;22;9336;48;;;9326.0;0.0
4;23700;SNACKPACK_CHOCOLATE;9899;22;9897;48;;;9916;22;9918;48;;;9907.5;0.0
4;23700;SNACKPACK_RASPBERRY;10248;22;10245;48;;;10265;22;10267;48;;;10256.5;0.0
4;23700;SNACKPACK_STRAWBERRY;10705;22;10702;48;;;10723;22;10725;48;;;10714.0;0.0
4;23700;SNACKPACK_VANILLA;9959;22;9957;48;;;9976;22;9978;48;;;9967.5;0.0
4;23800;SNACKPACK_RASPBERRY;10247;39;10245;51;;;10265;39;10267;51;;;10256.0;0.0
4;23800;SNACKPACK_CHOCOLATE;9900;39;9898;51;;;9916;39;9918;51;;;9908.0;0.0
4;23800;SNACKPACK_STRAWBERRY;10708;39;10706;51;;;10726;39;10728;51;;;10717.0;0.0
4;23800;SNACKPACK_VANILLA;9958;39;9956;51;;;9975;39;9977;51;;;9966.5;0.0
4;23800;SNACKPACK_PISTACHIO;9320;39;9318;51;;;9336;39;9337;51;;;9328.0;0.0
4;23900;SNACKPACK_CHOCOLATE;9900;25;9898;41;;;9917;25;9919;41;;;9908.5;0.0
4;23900;SNACKPACK_RASPBERRY;10254;25;10252;41;;;10271;25;10273;41;;;10262.5;0.0
4;23900;SNACKPACK_VANILLA;9957;25;9955;41;;;9974;25;9976;41;;;9965.5;0.0
4;23900;SNACKPACK_PISTACHIO;9314;25;9312;41;;;9330;25;9332;41;;;9322.0;0.0
4;23900;SNACKPACK_STRAWBERRY;10700;25;10698;41;;;10718;25;10720;41;;;10709.0;0.0
4;24000;SNACKPACK_VANILLA;9964;21;9962;51;;;9981;21;9983;51;;;9972.5;0.0
4;24000;SNACKPACK_RASPBERRY;10248;21;10246;51;;;10266;21;10268;51;;;10257.0;0.0
4;24000;SNACKPACK_CHOCOLATE;9894;21;9892;51;;;9911;21;9913;51;;;9902.5;0.0
4;24000;SNACKPACK_PISTACHIO;9318;21;9316;51;;;9334;21;9335;51;;;9326.0;0.0
4;24000;SNACKPACK_STRAWBERRY;10705;21;10703;51;;;10723;21;10725;51;;;10714.0;0.0
4;24100;SNACKPACK_VANILLA;9962;23;9960;57;;;9979;23;9981;57;;;9970.5;0.0
4;24100;SNACKPACK_RASPBERRY;10253;23;10251;57;;;10271;23;10273;57;;;10262.0;0.0
4;24100;SNACKPACK_PISTACHIO;9311;23;9310;57;;;9327;23;9329;57;;;9319.0;0.0
4;24100;SNACKPACK_CHOCOLATE;9896;23;9894;57;;;9913;23;9915;57;;;9904.5;0.0
4;24100;SNACKPACK_STRAWBERRY;10698;23;10696;57;;;10716;23;10719;57;;;10707.0;0.0
4;24200;SNACKPACK_RASPBERRY;10244;36;10242;47;;;10261;36;10263;47;;;10252.5;0.0
4;24200;SNACKPACK_STRAWBERRY;10706;36;10704;47;;;10724;36;10726;47;;;10715.0;0.0
4;24200;SNACKPACK_VANILLA;9966;36;9964;47;;;9983;36;9985;47;;;9974.5;0.0
4;24200;SNACKPACK_PISTACHIO;9316;36;9314;47;;;9332;36;9334;47;;;9324.0;0.0
4;24200;SNACKPACK_CHOCOLATE;9891;36;9889;47;;;9908;36;9910;47;;;9899.5;0.0
4;24300;SNACKPACK_RASPBERRY;10238;29;10236;52;;;10255;29;10257;52;;;10246.5;0.0
4;24300;SNACKPACK_STRAWBERRY;10707;29;10705;52;;;10725;29;10727;52;;;10716.0;0.0
4;24300;SNACKPACK_VANILLA;9973;29;9971;52;;;9990;29;9992;52;;;9981.5;0.0
4;24300;SNACKPACK_PISTACHIO;9315;29;9314;52;;;9331;29;9333;52;;;9323.0;0.0
4;24300;SNACKPACK_CHOCOLATE;9887;29;9885;52;;;9903;29;9905;52;;;9895.0;0.0
4;24400;SNACKPACK_STRAWBERRY;10697;25;10695;56;;;10715;25;10717;56;;;10706.0;0.0
4;24400;SNACKPACK_VANILLA;9974;25;9972;56;;;9991;25;9993;56;;;9982.5;0.0
4;24400;SNACKPACK_PISTACHIO;9313;25;9311;56;;;9329;25;9330;56;;;9321.0;0.0
4;24400;SNACKPACK_CHOCOLATE;9885;25;9883;56;;;9902;25;9904;56;;;9893.5;0.0
4;24400;SNACKPACK_RASPBERRY;10250;25;10248;56;;;10267;25;10269;56;;;10258.5;0.0
4;24500;SNACKPACK_CHOCOLATE;9886;28;9885;44;;;9903;28;9905;44;;;9894.5;0.0
4;24500;SNACKPACK_PISTACHIO;9315;28;9313;44;;;9331;28;9333;44;;;9323.0;0.0
4;24500;SNACKPACK_STRAWBERRY;10700;28;10698;44;;;10718;28;10720;44;;;10709.0;0.0
4;24500;SNACKPACK_VANILLA;9973;28;9971;44;;;9990;28;9992;44;;;9981.5;0.0
4;24500;SNACKPACK_RASPBERRY;10249;28;10247;44;;;10266;28;10269;44;;;10257.5;0.0
4;24600;SNACKPACK_PISTACHIO;9311;28;9309;47;;;9327;28;9329;47;;;9319.0;0.0
4;24600;SNACKPACK_CHOCOLATE;9886;28;9884;47;;;9903;28;9905;47;;;9894.5;0.0
4;24600;SNACKPACK_STRAWBERRY;10696;28;10694;47;;;10714;28;10717;47;;;10705.0;0.0
4;24600;SNACKPACK_VANILLA;9972;28;9970;47;;;9989;28;9991;47;;;9980.5;0.0
4;24600;SNACKPACK_RASPBERRY;10251;28;10249;47;;;10269;28;10271;47;;;10260.0;0.0
4;24700;SNACKPACK_PISTACHIO;9309;39;9307;45;;;9324;39;9326;45;;;9316.5;0.0
4;24700;SNACKPACK_CHOCOLATE;9876;39;9874;45;;;9893;39;9895;45;;;9884.5;0.0
4;24700;SNACKPACK_VANILLA;9981;39;9979;45;;;9998;39;10000;45;;;9989.5;0.0
4;24700;SNACKPACK_RASPBERRY;10252;39;10250;45;;;10269;39;10271;45;;;10260.5;0.0
4;24700;SNACKPACK_STRAWBERRY;10698;39;10696;45;;;10716;39;10718;45;;;10707.0;0.0
4;24800;SNACKPACK_CHOCOLATE;9879;4;9871;34;9869;40;9888;34;9890;40;;;9883.5;0.0
4;24800;SNACKPACK_RASPBERRY;10250;4;10242;34;10240;40;10259;34;10262;40;;;10254.5;0.0
4;24800;SNACKPACK_STRAWBERRY;10715;4;10706;34;10704;40;10724;34;10727;40;;;10719.5;0.0
4;24800;SNACKPACK_VANILLA;9993;4;9985;34;9983;40;10002;34;10004;40;;;9997.5;0.0
4;24800;SNACKPACK_PISTACHIO;9322;4;9314;34;9312;40;9330;34;9332;40;;;9326.0;0.0
4;24900;SNACKPACK_RASPBERRY;10236;25;10234;58;;;10254;25;10256;58;;;10245.0;0.0
4;24900;SNACKPACK_CHOCOLATE;9867;25;9865;58;;;9884;25;9886;58;;;9875.5;0.0
4;24900;SNACKPACK_STRAWBERRY;10710;25;10708;58;;;10728;25;10730;58;;;10719.0;0.0
4;24900;SNACKPACK_VANILLA;9991;25;9989;58;;;10008;25;10010;58;;;9999.5;0.0
4;24900;SNACKPACK_PISTACHIO;9316;25;9315;58;;;9332;25;9334;58;;;9324.0;0.0
4;25000;SNACKPACK_VANILLA;9980;22;9978;47;;;9997;22;9999;47;;;9988.5;0.0
4;25000;SNACKPACK_RASPBERRY;10238;22;10236;47;;;10255;22;10257;47;;;10246.5;0.0
4;25000;SNACKPACK_CHOCOLATE;9878;22;9876;47;;;9895;22;9897;47;;;9886.5;0.0
4;25000;SNACKPACK_PISTACHIO;9317;22;9315;47;;;9333;22;9335;47;;;9325.0;0.0
4;25000;SNACKPACK_STRAWBERRY;10708;22;10706;47;;;10726;22;10728;47;;;10717.0;0.0
4;25100;SNACKPACK_VANILLA;9977;34;9975;42;;;9994;34;9996;42;;;9985.5;0.0
4;25100;SNACKPACK_RASPBERRY;10244;34;10241;42;;;10261;34;10263;42;;;10252.5;0.0
4;25100;SNACKPACK_CHOCOLATE;9882;34;9880;42;;;9899;34;9901;42;;;9890.5;0.0
4;25100;SNACKPACK_PISTACHIO;9315;34;9314;42;;;9331;34;9333;42;;;9323.0;0.0
4;25100;SNACKPACK_STRAWBERRY;10705;34;10703;42;;;10723;34;10725;42;;;10714.0;0.0
4;25200;SNACKPACK_VANILLA;9973;27;9971;41;;;9990;27;9992;41;;;9981.5;0.0
4;25200;SNACKPACK_RASPBERRY;10239;27;10237;41;;;10256;27;10258;41;;;10247.5;0.0
4;25200;SNACKPACK_PISTACHIO;9316;27;9314;41;;;9332;27;9334;41;;;9324.0;0.0
4;25200;SNACKPACK_CHOCOLATE;9886;27;9884;41;;;9903;27;9905;41;;;9894.5;0.0
4;25200;SNACKPACK_STRAWBERRY;10708;27;10706;41;;;10726;27;10728;41;;;10717.0;0.0
4;25300;SNACKPACK_RASPBERRY;10246;40;10244;59;;;10263;40;10265;59;;;10254.5;0.0
4;25300;SNACKPACK_STRAWBERRY;10703;40;10701;59;;;10721;40;10723;59;;;10712.0;0.0
4;25300;SNACKPACK_VANILLA;9963;40;9961;59;;;9980;40;9982;59;;;9971.5;0.0
4;25300;SNACKPACK_PISTACHIO;9314;40;9313;59;;;9330;40;9332;59;;;9322.0;0.0
4;25300;SNACKPACK_CHOCOLATE;9897;40;9895;59;;;9914;40;9916;59;;;9905.5;0.0
4;25400;SNACKPACK_STRAWBERRY;10709;30;10707;58;;;10727;30;10729;58;;;10718.0;0.0
4;25400;SNACKPACK_VANILLA;9970;30;9968;58;;;9987;30;9989;58;;;9978.5;0.0
4;25400;SNACKPACK_PISTACHIO;9317;30;9316;58;;;9333;30;9335;58;;;9325.0;0.0
4;25400;SNACKPACK_CHOCOLATE;9893;30;9891;58;;;9909;30;9911;58;;;9901.0;0.0
4;25400;SNACKPACK_RASPBERRY;10242;30;10240;58;;;10260;30;10262;58;;;10251.0;0.0
4;25500;SNACKPACK_VANILLA;9963;22;9961;55;;;9979;22;9981;55;;;9971.0;0.0
4;25500;SNACKPACK_PISTACHIO;9322;22;9320;55;;;9338;22;9339;55;;;9330.0;0.0
4;25500;SNACKPACK_STRAWBERRY;10717;22;10715;55;;;10736;22;10738;55;;;10726.5;0.0
4;25500;SNACKPACK_CHOCOLATE;9900;22;9898;55;;;9916;22;9918;55;;;9908.0;0.0
4;25500;SNACKPACK_RASPBERRY;10235;22;10233;55;;;10252;22;10254;55;;;10243.5;0.0
4;25600;SNACKPACK_CHOCOLATE;9901;28;9899;42;;;9918;28;9920;42;;;9909.5;0.0
4;25600;SNACKPACK_PISTACHIO;9322;28;9320;42;;;9338;28;9340;42;;;9330.0;0.0
4;25600;SNACKPACK_STRAWBERRY;10719;28;10717;42;;;10737;28;10739;42;;;10728.0;0.0
4;25600;SNACKPACK_VANILLA;9961;28;9959;42;;;9978;28;9980;42;;;9969.5;0.0
4;25600;SNACKPACK_RASPBERRY;10233;28;10231;42;;;10250;28;10252;42;;;10241.5;0.0
4;25700;SNACKPACK_CHOCOLATE;9898;31;9896;49;;;9915;31;9917;49;;;9906.5;0.0
4;25700;SNACKPACK_PISTACHIO;9324;31;9322;49;;;9340;31;9342;49;;;9332.0;0.0
4;25700;SNACKPACK_STRAWBERRY;10725;31;10723;49;;;10743;31;10746;49;;;10734.0;0.0
4;25700;SNACKPACK_VANILLA;9961;31;9959;49;;;9978;31;9980;49;;;9969.5;0.0
4;25700;SNACKPACK_RASPBERRY;10229;31;10227;49;;;10246;31;10248;49;;;10237.5;0.0
4;25800;SNACKPACK_PISTACHIO;9331;36;9329;54;;;9347;36;9349;54;;;9339.0;0.0
4;25800;SNACKPACK_CHOCOLATE;9904;36;9902;54;;;9921;36;9923;54;;;9912.5;0.0
4;25800;SNACKPACK_RASPBERRY;10221;36;10219;54;;;10238;36;10240;54;;;10229.5;0.0
4;25800;SNACKPACK_STRAWBERRY;10734;36;10732;54;;;10753;36;10755;54;;;10743.5;0.0
4;25800;SNACKPACK_VANILLA;9956;36;9954;54;;;9973;36;9975;54;;;9964.5;0.0
