timestamp;buyer;seller;symbol;currency;price;quantity
5100;;;PEBBLES_L;XIRECS;10214.0;4
5100;;;PEBBLES_M;XIRECS;9135.0;4
5100;;;PEBBLES_S;XIRECS;9036.0;4
5100;;;PEBBLES_XL;XIRECS;13606.0;4
5100;;;PEBBLES_XS;XIRECS;8041.0;4
6200;;;PEBBLES_L;XIRECS;10196.0;5
6200;;;PEBBLES_M;XIRECS;9180.0;5
6200;;;PEBBLES_S;XIRECS;9028.0;5
6200;;;PEBBLES_XL;XIRECS;13627.0;5
6200;;;PEBBLES_XS;XIRECS;8001.0;5
14300;;;PEBBLES_L;XIRECS;10026.0;4
14300;;;PEBBLES_M;XIRECS;9233.0;4
14300;;;PEBBLES_S;XIRECS;9180.0;4
14300;;;PEBBLES_XL;XIRECS;13528.0;4
14300;;;PEBBLES_XS;XIRECS;8001.0;4
19200;;;PEBBLES_L;XIRECS;10177.0;4
19200;;;PEBBLES_M;XIRECS;9158.0;4
19200;;;PEBBLES_S;XIRECS;9291.0;4
19200;;;PEBBLES_XL;XIRECS;13427.0;4
19200;;;PEBBLES_XS;XIRECS;7980.0;4
21600;;;PEBBLES_L;XIRECS;10086.0;4
21600;;;PEBBLES_M;XIRECS;9145.0;4
21600;;;PEBBLES_S;XIRECS;9237.0;4
21600;;;PEBBLES_XL;XIRECS;13628.0;4
21600;;;PEBBLES_XS;XIRECS;7936.0;4
29200;;;PEBBLES_L;XIRECS;10031.0;5
29200;;;PEBBLES_M;XIRECS;9177.0;5
29200;;;PEBBLES_S;XIRECS;9164.0;5
29200;;;PEBBLES_XL;XIRECS;13837.0;5
29200;;;PEBBLES_XS;XIRECS;7824.0;5
30600;;;PEBBLES_L;XIRECS;10018.0;5
30600;;;PEBBLES_M;XIRECS;9235.0;5
30600;;;PEBBLES_S;XIRECS;9209.0;5
30600;;;PEBBLES_XL;XIRECS;13742.0;5
30600;;;PEBBLES_XS;XIRECS;7828.0;5
31800;;;PEBBLES_L;XIRECS;10063.0;2
31800;;;PEBBLES_M;XIRECS;9216.0;2
31800;;;PEBBLES_S;XIRECS;9182.0;2
31800;;;PEBBLES_XL;XIRECS;13629.0;2
31800;;;PEBBLES_XS;XIRECS;7877.0;2
33400;;;PEBBLES_L;XIRECS;9998.0;2
33400;;;PEBBLES_M;XIRECS;9299.0;2
33400;;;PEBBLES_S;XIRECS;9181.0;2
33400;;;PEBBLES_XL;XIRECS;13535.0;2
33400;;;PEBBLES_XS;XIRECS;7955.0;2
34000;;;PEBBLES_L;XIRECS;10033.0;3
34000;;;PEBBLES_M;XIRECS;9207.0;3
34000;;;PEBBLES_S;XIRECS;9184.0;3
34000;;;PEBBLES_XL;XIRECS;13562.0;3
34000;;;PEBBLES_XS;XIRECS;7982.0;3
48900;;;PEBBLES_L;XIRECS;10114.0;3
48900;;;PEBBLES_M;XIRECS;8838.0;3
48900;;;PEBBLES_S;XIRECS;9005.0;3
48900;;;PEBBLES_XL;XIRECS;13817.0;3
48900;;;PEBBLES_XS;XIRECS;8193.0;3
51000;;;PEBBLES_L;XIRECS;10109.0;5
51000;;;PEBBLES_M;XIRECS;8798.0;5
51000;;;PEBBLES_S;XIRECS;9058.0;5
51000;;;PEBBLES_XL;XIRECS;13732.0;5
51000;;;PEBBLES_XS;XIRECS;8271.0;5
51800;;;PEBBLES_L;XIRECS;10125.0;4
51800;;;PEBBLES_M;XIRECS;8876.0;4
51800;;;PEBBLES_S;XIRECS;9067.0;4
51800;;;PEBBLES_XL;XIRECS;13601.0;4
51800;;;PEBBLES_XS;XIRECS;8299.0;4
52600;;;PEBBLES_L;XIRECS;10108.0;3
52600;;;PEBBLES_M;XIRECS;8844.0;3
52600;;;PEBBLES_S;XIRECS;9118.0;3
52600;;;PEBBLES_XL;XIRECS;13616.0;3
52600;;;PEBBLES_XS;XIRECS;8281.0;3
55900;;;PEBBLES_L;XIRECS;10196.0;2
55900;;;PEBBLES_M;XIRECS;8693.0;2
55900;;;PEBBLES_S;XIRECS;9056.0;2
55900;;;PEBBLES_XL;XIRECS;13840.0;2
55900;;;PEBBLES_XS;XIRECS;8248.0;2
56700;;;PEBBLES_L;XIRECS;10187.0;5
56700;;;PEBBLES_M;XIRECS;8642.0;5
56700;;;PEBBLES_S;XIRECS;8999.0;5
56700;;;PEBBLES_XL;XIRECS;13842.0;5
56700;;;PEBBLES_XS;XIRECS;8298.0;5
65100;;;PEBBLES_L;XIRECS;10227.0;3
65100;;;PEBBLES_M;XIRECS;8510.0;3
65100;;;PEBBLES_S;XIRECS;8989.0;3
65100;;;PEBBLES_XL;XIRECS;14071.0;3
65100;;;PEBBLES_XS;XIRECS;8171.0;3
66900;;;PEBBLES_L;XIRECS;10239.0;4
66900;;;PEBBLES_M;XIRECS;8520.0;4
66900;;;PEBBLES_S;XIRECS;9034.0;4
66900;;;PEBBLES_XL;XIRECS;13905.0;4
66900;;;PEBBLES_XS;XIRECS;8269.0;4
74100;;;PEBBLES_L;XIRECS;10224.0;5
74100;;;PEBBLES_M;XIRECS;8622.0;5
74100;;;PEBBLES_S;XIRECS;9039.0;5
74100;;;PEBBLES_XL;XIRECS;13846.0;5
74100;;;PEBBLES_XS;XIRECS;8236.0;5
83900;;;PEBBLES_L;XIRECS;10194.0;5
83900;;;PEBBLES_M;XIRECS;8716.0;5
83900;;;PEBBLES_S;XIRECS;8973.0;5
83900;;;PEBBLES_XL;XIRECS;13966.0;5
83900;;;PEBBLES_XS;XIRECS;8184.0;5
84700;;;PEBBLES_L;XIRECS;10225.0;3
84700;;;PEBBLES_M;XIRECS;8678.0;3
84700;;;PEBBLES_S;XIRECS;9031.0;3
84700;;;PEBBLES_XL;XIRECS;13981.0;3
84700;;;PEBBLES_XS;XIRECS;8118.0;3
94500;;;PEBBLES_L;XIRECS;10068.0;5
94500;;;PEBBLES_M;XIRECS;8409.0;5
94500;;;PEBBLES_S;XIRECS;9018.0;5
94500;;;PEBBLES_XL;XIRECS;14247.0;5
94500;;;PEBBLES_XS;XIRECS;8225.0;5
96000;;;PEBBLES_L;XIRECS;10129.0;5
96000;;;PEBBLES_M;XIRECS;8562.0;5
96000;;;PEBBLES_S;XIRECS;9046.0;5
96000;;;PEBBLES_XL;XIRECS;14060.0;5
96000;;;PEBBLES_XS;XIRECS;8235.0;5
103200;;;PEBBLES_L;XIRECS;10098.0;2
103200;;;PEBBLES_M;XIRECS;8613.0;2
103200;;;PEBBLES_S;XIRECS;8967.0;2
103200;;;PEBBLES_XL;XIRECS;14181.0;2
103200;;;PEBBLES_XS;XIRECS;8174.0;2
104400;;;PEBBLES_L;XIRECS;10094.0;2
104400;;;PEBBLES_M;XIRECS;8592.0;2
104400;;;PEBBLES_S;XIRECS;9113.0;2
104400;;;PEBBLES_XL;XIRECS;14036.0;2
104400;;;PEBBLES_XS;XIRECS;8132.0;2
105100;;;PEBBLES_L;XIRECS;10084.0;3
105100;;;PEBBLES_M;XIRECS;8536.0;3
105100;;;PEBBLES_S;XIRECS;9136.0;3
105100;;;PEBBLES_XL;XIRECS;14162.0;3
105100;;;PEBBLES_XS;XIRECS;8115.0;3
106100;;;PEBBLES_L;XIRECS;10187.0;4
106100;;;PEBBLES_M;XIRECS;8493.0;4
106100;;;PEBBLES_S;XIRECS;9160.0;4
106100;;;PEBBLES_XL;XIRECS;14054.0;4
106100;;;PEBBLES_XS;XIRECS;8138.0;4
112500;;;PEBBLES_L;XIRECS;10115.0;4
112500;;;PEBBLES_M;XIRECS;8777.0;4
112500;;;PEBBLES_S;XIRECS;9176.0;4
112500;;;PEBBLES_XL;XIRECS;13620.0;4
112500;;;PEBBLES_XS;XIRECS;8279.0;4
117500;;;PEBBLES_L;XIRECS;10136.0;5
117500;;;PEBBLES_M;XIRECS;8784.0;5
117500;;;PEBBLES_S;XIRECS;9220.0;5
117500;;;PEBBLES_XL;XIRECS;13615.0;5
117500;;;PEBBLES_XS;XIRECS;8277.0;5
123200;;;PEBBLES_L;XIRECS;10069.0;5
123200;;;PEBBLES_M;XIRECS;8823.0;5
123200;;;PEBBLES_S;XIRECS;9184.0;5
123200;;;PEBBLES_XL;XIRECS;13786.0;5
123200;;;PEBBLES_XS;XIRECS;8171.0;5
124500;;;PEBBLES_L;XIRECS;10184.0;5
124500;;;PEBBLES_M;XIRECS;8760.0;5
124500;;;PEBBLES_S;XIRECS;9226.0;5
124500;;;PEBBLES_XL;XIRECS;13775.0;5
124500;;;PEBBLES_XS;XIRECS;8088.0;5
126100;;;PEBBLES_L;XIRECS;10221.0;5
126100;;;PEBBLES_M;XIRECS;8764.0;5
126100;;;PEBBLES_S;XIRECS;9182.0;5
126100;;;PEBBLES_XL;XIRECS;13854.0;5
126100;;;PEBBLES_XS;XIRECS;8011.0;5
127300;;;PEBBLES_L;XIRECS;10158.0;4
127300;;;PEBBLES_M;XIRECS;8743.0;4
127300;;;PEBBLES_S;XIRECS;9190.0;4
127300;;;PEBBLES_XL;XIRECS;13913.0;4
127300;;;PEBBLES_XS;XIRECS;7963.0;4
130500;;;PEBBLES_L;XIRECS;10243.0;4
130500;;;PEBBLES_M;XIRECS;8790.0;4
130500;;;PEBBLES_S;XIRECS;9212.0;4
130500;;;PEBBLES_XL;XIRECS;13790.0;4
130500;;;PEBBLES_XS;XIRECS;7933.0;4
137600;;;PEBBLES_L;XIRECS;10222.0;2
137600;;;PEBBLES_M;XIRECS;9007.0;2
137600;;;PEBBLES_S;XIRECS;9325.0;2
137600;;;PEBBLES_XL;XIRECS;13574.0;2
137600;;;PEBBLES_XS;XIRECS;7840.0;2
142000;;;PEBBLES_L;XIRECS;10384.0;3
142000;;;PEBBLES_M;XIRECS;8987.0;3
142000;;;PEBBLES_S;XIRECS;9142.0;3
142000;;;PEBBLES_XL;XIRECS;13559.0;3
142000;;;PEBBLES_XS;XIRECS;7896.0;3
142300;;;PEBBLES_L;XIRECS;10395.0;5
142300;;;PEBBLES_M;XIRECS;8989.0;5
142300;;;PEBBLES_S;XIRECS;9092.0;5
142300;;;PEBBLES_XL;XIRECS;13670.0;5
142300;;;PEBBLES_XS;XIRECS;7886.0;5
152600;;;PEBBLES_L;XIRECS;10381.0;3
152600;;;PEBBLES_M;XIRECS;9074.0;3
152600;;;PEBBLES_S;XIRECS;9098.0;3
152600;;;PEBBLES_XL;XIRECS;13498.0;3
152600;;;PEBBLES_XS;XIRECS;7982.0;3
157700;;;PEBBLES_L;XIRECS;10298.0;4
157700;;;PEBBLES_M;XIRECS;8999.0;4
157700;;;PEBBLES_S;XIRECS;9066.0;4
157700;;;PEBBLES_XL;XIRECS;13669.0;4
157700;;;PEBBLES_XS;XIRECS;7935.0;4
163500;;;PEBBLES_L;XIRECS;10272.0;4
163500;;;PEBBLES_M;XIRECS;8943.0;4
163500;;;PEBBLES_S;XIRECS;9273.0;4
163500;;;PEBBLES_XL;XIRECS;13732.0;4
163500;;;PEBBLES_XS;XIRECS;7813.0;4
166600;;;PEBBLES_L;XIRECS;10269.0;5
166600;;;PEBBLES_M;XIRECS;9058.0;5
166600;;;PEBBLES_S;XIRECS;9299.0;5
166600;;;PEBBLES_XL;XIRECS;13341.0;5
166600;;;PEBBLES_XS;XIRECS;8000.0;5
172900;;;PEBBLES_L;XIRECS;10185.0;2
172900;;;PEBBLES_M;XIRECS;9128.0;2
172900;;;PEBBLES_S;XIRECS;9297.0;2
172900;;;PEBBLES_XL;XIRECS;13393.0;2
172900;;;PEBBLES_XS;XIRECS;7965.0;2
184100;;;PEBBLES_L;XIRECS;9912.0;3
184100;;;PEBBLES_M;XIRECS;9179.0;3
184100;;;PEBBLES_S;XIRECS;9279.0;3
184100;;;PEBBLES_XL;XIRECS;13912.0;3
184100;;;PEBBLES_XS;XIRECS;7751.0;3
186500;;;PEBBLES_L;XIRECS;9851.0;3
186500;;;PEBBLES_M;XIRECS;9231.0;3
186500;;;PEBBLES_S;XIRECS;9361.0;3
186500;;;PEBBLES_XL;XIRECS;13894.0;3
186500;;;PEBBLES_XS;XIRECS;7695.0;3
189000;;;PEBBLES_L;XIRECS;9984.0;5
189000;;;PEBBLES_M;XIRECS;9163.0;5
189000;;;PEBBLES_S;XIRECS;9359.0;5
189000;;;PEBBLES_XL;XIRECS;13636.0;5
189000;;;PEBBLES_XS;XIRECS;7825.0;5
192000;;;PEBBLES_L;XIRECS;9988.0;2
192000;;;PEBBLES_M;XIRECS;9173.0;2
192000;;;PEBBLES_S;XIRECS;9322.0;2
192000;;;PEBBLES_XL;XIRECS;13659.0;2
192000;;;PEBBLES_XS;XIRECS;7889.0;2
193200;;;PEBBLES_L;XIRECS;10092.0;4
193200;;;PEBBLES_M;XIRECS;9083.0;4
193200;;;PEBBLES_S;XIRECS;9345.0;4
193200;;;PEBBLES_XL;XIRECS;13618.0;4
193200;;;PEBBLES_XS;XIRECS;7895.0;4
204800;;;PEBBLES_L;XIRECS;10027.0;2
204800;;;PEBBLES_M;XIRECS;9216.0;2
204800;;;PEBBLES_S;XIRECS;9194.0;2
204800;;;PEBBLES_XL;XIRECS;13813.0;2
204800;;;PEBBLES_XS;XIRECS;7718.0;2
205800;;;PEBBLES_L;XIRECS;10027.0;3
205800;;;PEBBLES_M;XIRECS;9259.0;3
205800;;;PEBBLES_S;XIRECS;9250.0;3
205800;;;PEBBLES_XL;XIRECS;13698.0;3
205800;;;PEBBLES_XS;XIRECS;7798.0;3
205900;;;PEBBLES_L;XIRECS;10026.0;4
205900;;;PEBBLES_M;XIRECS;9267.0;4
205900;;;PEBBLES_S;XIRECS;9247.0;4
205900;;;PEBBLES_XL;XIRECS;13646.0;4
205900;;;PEBBLES_XS;XIRECS;7781.0;4
208900;;;PEBBLES_L;XIRECS;10111.0;2
208900;;;PEBBLES_M;XIRECS;9293.0;2
208900;;;PEBBLES_S;XIRECS;9301.0;2
208900;;;PEBBLES_XL;XIRECS;13630.0;2
208900;;;PEBBLES_XS;XIRECS;7698.0;2
216100;;;PEBBLES_L;XIRECS;10099.0;5
216100;;;PEBBLES_M;XIRECS;9272.0;5
216100;;;PEBBLES_S;XIRECS;9377.0;5
216100;;;PEBBLES_XL;XIRECS;13793.0;5
216100;;;PEBBLES_XS;XIRECS;7492.0;5
219900;;;PEBBLES_L;XIRECS;10178.0;2
219900;;;PEBBLES_M;XIRECS;9537.0;2
219900;;;PEBBLES_S;XIRECS;9393.0;2
219900;;;PEBBLES_XL;XIRECS;13374.0;2
219900;;;PEBBLES_XS;XIRECS;7550.0;2
222400;;;PEBBLES_L;XIRECS;10126.0;3
222400;;;PEBBLES_M;XIRECS;9603.0;3
222400;;;PEBBLES_S;XIRECS;9395.0;3
222400;;;PEBBLES_XL;XIRECS;13334.0;3
222400;;;PEBBLES_XS;XIRECS;7510.0;3
234000;;;PEBBLES_L;XIRECS;10227.0;4
234000;;;PEBBLES_M;XIRECS;9498.0;4
234000;;;PEBBLES_S;XIRECS;9584.0;4
234000;;;PEBBLES_XL;XIRECS;13373.0;4
234000;;;PEBBLES_XS;XIRECS;7285.0;4
238400;;;PEBBLES_L;XIRECS;10406.0;5
238400;;;PEBBLES_M;XIRECS;9686.0;5
238400;;;PEBBLES_S;XIRECS;9667.0;5
238400;;;PEBBLES_XL;XIRECS;12957.0;5
238400;;;PEBBLES_XS;XIRECS;7317.0;5
243100;;;PEBBLES_L;XIRECS;10348.0;2
243100;;;PEBBLES_M;XIRECS;9760.0;2
243100;;;PEBBLES_S;XIRECS;9640.0;2
243100;;;PEBBLES_XL;XIRECS;12784.0;2
243100;;;PEBBLES_XS;XIRECS;7436.0;2
243200;;;PEBBLES_L;XIRECS;10331.0;2
243200;;;PEBBLES_M;XIRECS;9749.0;2
243200;;;PEBBLES_S;XIRECS;9650.0;2
243200;;;PEBBLES_XL;XIRECS;12786.0;2
243200;;;PEBBLES_XS;XIRECS;7451.0;2
245200;;;PEBBLES_L;XIRECS;10319.0;4
245200;;;PEBBLES_M;XIRECS;9846.0;4
245200;;;PEBBLES_S;XIRECS;9605.0;4
245200;;;PEBBLES_XL;XIRECS;12829.0;4
245200;;;PEBBLES_XS;XIRECS;7433.0;4
245500;;;PEBBLES_L;XIRECS;10322.0;5
245500;;;PEBBLES_M;XIRECS;9893.0;5
245500;;;PEBBLES_S;XIRECS;9512.0;5
245500;;;PEBBLES_XL;XIRECS;12819.0;5
245500;;;PEBBLES_XS;XIRECS;7422.0;5
246700;;;PEBBLES_L;XIRECS;10283.0;4
246700;;;PEBBLES_M;XIRECS;9860.0;4
246700;;;PEBBLES_S;XIRECS;9511.0;4
246700;;;PEBBLES_XL;XIRECS;12962.0;4
246700;;;PEBBLES_XS;XIRECS;7417.0;4
249100;;;PEBBLES_L;XIRECS;10222.0;3
249100;;;PEBBLES_M;XIRECS;9866.0;3
249100;;;PEBBLES_S;XIRECS;9560.0;3
249100;;;PEBBLES_XL;XIRECS;12954.0;3
249100;;;PEBBLES_XS;XIRECS;7365.0;3
250900;;;PEBBLES_L;XIRECS;10250.0;2
250900;;;PEBBLES_M;XIRECS;9780.0;2
250900;;;PEBBLES_S;XIRECS;9440.0;2
250900;;;PEBBLES_XL;XIRECS;13211.0;2
250900;;;PEBBLES_XS;XIRECS;7287.0;2
255200;;;PEBBLES_L;XIRECS;10150.0;2
255200;;;PEBBLES_M;XIRECS;9932.0;2
255200;;;PEBBLES_S;XIRECS;9448.0;2
255200;;;PEBBLES_XL;XIRECS;13178.0;2
255200;;;PEBBLES_XS;XIRECS;7325.0;2
260500;;;PEBBLES_L;XIRECS;10264.0;3
260500;;;PEBBLES_M;XIRECS;9966.0;3
260500;;;PEBBLES_S;XIRECS;9503.0;3
260500;;;PEBBLES_XL;XIRECS;12946.0;3
260500;;;PEBBLES_XS;XIRECS;7288.0;3
262200;;;PEBBLES_L;XIRECS;10312.0;5
262200;;;PEBBLES_M;XIRECS;10048.0;5
262200;;;PEBBLES_S;XIRECS;9551.0;5
262200;;;PEBBLES_XL;XIRECS;12838.0;5
262200;;;PEBBLES_XS;XIRECS;7220.0;5
270700;;;PEBBLES_L;XIRECS;10376.0;3
270700;;;PEBBLES_M;XIRECS;9836.0;3
270700;;;PEBBLES_S;XIRECS;9429.0;3
270700;;;PEBBLES_XL;XIRECS;12858.0;3
270700;;;PEBBLES_XS;XIRECS;7469.0;3
274600;;;PEBBLES_L;XIRECS;10479.0;3
274600;;;PEBBLES_M;XIRECS;9871.0;3
274600;;;PEBBLES_S;XIRECS;9474.0;3
274600;;;PEBBLES_XL;XIRECS;12717.0;3
274600;;;PEBBLES_XS;XIRECS;7491.0;3
277100;;;PEBBLES_L;XIRECS;10394.0;5
277100;;;PEBBLES_M;XIRECS;9830.0;5
277100;;;PEBBLES_S;XIRECS;9350.0;5
277100;;;PEBBLES_XL;XIRECS;12975.0;5
277100;;;PEBBLES_XS;XIRECS;7417.0;5
278400;;;PEBBLES_L;XIRECS;10395.0;4
278400;;;PEBBLES_M;XIRECS;9869.0;4
278400;;;PEBBLES_S;XIRECS;9341.0;4
278400;;;PEBBLES_XL;XIRECS;12989.0;4
278400;;;PEBBLES_XS;XIRECS;7374.0;4
300800;;;PEBBLES_L;XIRECS;10479.0;5
300800;;;PEBBLES_M;XIRECS;10186.0;5
300800;;;PEBBLES_S;XIRECS;9372.0;5
300800;;;PEBBLES_XL;XIRECS;12741.0;5
300800;;;PEBBLES_XS;XIRECS;7189.0;5
304200;;;PEBBLES_L;XIRECS;10493.0;5
304200;;;PEBBLES_M;XIRECS;10166.0;5
304200;;;PEBBLES_S;XIRECS;9296.0;5
304200;;;PEBBLES_XL;XIRECS;12813.0;5
304200;;;PEBBLES_XS;XIRECS;7264.0;5
306300;;;PEBBLES_L;XIRECS;10475.0;4
306300;;;PEBBLES_M;XIRECS;10231.0;4
306300;;;PEBBLES_S;XIRECS;9287.0;4
306300;;;PEBBLES_XL;XIRECS;12758.0;4
306300;;;PEBBLES_XS;XIRECS;7281.0;4
310300;;;PEBBLES_L;XIRECS;10471.0;4
310300;;;PEBBLES_M;XIRECS;10108.0;4
310300;;;PEBBLES_S;XIRECS;9332.0;4
310300;;;PEBBLES_XL;XIRECS;12960.0;4
310300;;;PEBBLES_XS;XIRECS;7162.0;4
312300;;;PEBBLES_L;XIRECS;10463.0;4
312300;;;PEBBLES_M;XIRECS;10038.0;4
312300;;;PEBBLES_S;XIRECS;9450.0;4
312300;;;PEBBLES_XL;XIRECS;12907.0;4
312300;;;PEBBLES_XS;XIRECS;7175.0;4
318100;;;PEBBLES_L;XIRECS;10299.0;2
318100;;;PEBBLES_M;XIRECS;10113.0;2
318100;;;PEBBLES_S;XIRECS;9624.0;2
318100;;;PEBBLES_XL;XIRECS;12461.0;2
318100;;;PEBBLES_XS;XIRECS;7471.0;2
325000;;;PEBBLES_L;XIRECS;10339.0;4
325000;;;PEBBLES_M;XIRECS;10271.0;4
325000;;;PEBBLES_S;XIRECS;9726.0;4
325000;;;PEBBLES_XL;XIRECS;12447.0;4
325000;;;PEBBLES_XS;XIRECS;7250.0;4
329900;;;PEBBLES_L;XIRECS;10245.0;3
329900;;;PEBBLES_M;XIRECS;10195.0;3
329900;;;PEBBLES_S;XIRECS;9578.0;3
329900;;;PEBBLES_XL;XIRECS;12726.0;3
329900;;;PEBBLES_XS;XIRECS;7289.0;3
330600;;;PEBBLES_L;XIRECS;10180.0;3
330600;;;PEBBLES_M;XIRECS;10182.0;3
330600;;;PEBBLES_S;XIRECS;9519.0;3
330600;;;PEBBLES_XL;XIRECS;12887.0;3
330600;;;PEBBLES_XS;XIRECS;7199.0;3
332600;;;PEBBLES_L;XIRECS;10206.0;3
332600;;;PEBBLES_M;XIRECS;10130.0;3
332600;;;PEBBLES_S;XIRECS;9467.0;3
332600;;;PEBBLES_XL;XIRECS;12963.0;3
332600;;;PEBBLES_XS;XIRECS;7200.0;3
334600;;;PEBBLES_L;XIRECS;10177.0;5
334600;;;PEBBLES_M;XIRECS;10239.0;5
334600;;;PEBBLES_S;XIRECS;9461.0;5
334600;;;PEBBLES_XL;XIRECS;12857.0;5
334600;;;PEBBLES_XS;XIRECS;7298.0;5
339500;;;PEBBLES_L;XIRECS;10191.0;2
339500;;;PEBBLES_M;XIRECS;10270.0;2
339500;;;PEBBLES_S;XIRECS;9644.0;2
339500;;;PEBBLES_XL;XIRECS;12573.0;2
339500;;;PEBBLES_XS;XIRECS;7354.0;2
345500;;;PEBBLES_L;XIRECS;9967.0;3
345500;;;PEBBLES_M;XIRECS;10406.0;3
345500;;;PEBBLES_S;XIRECS;9597.0;3
345500;;;PEBBLES_XL;XIRECS;12717.0;3
345500;;;PEBBLES_XS;XIRECS;7279.0;3
357500;;;PEBBLES_L;XIRECS;9973.0;3
357500;;;PEBBLES_M;XIRECS;10240.0;3
357500;;;PEBBLES_S;XIRECS;9727.0;3
357500;;;PEBBLES_XL;XIRECS;12723.0;3
357500;;;PEBBLES_XS;XIRECS;7369.0;3
361900;;;PEBBLES_L;XIRECS;9975.0;2
361900;;;PEBBLES_M;XIRECS;10113.0;2
361900;;;PEBBLES_S;XIRECS;9668.0;2
361900;;;PEBBLES_XL;XIRECS;12887.0;2
361900;;;PEBBLES_XS;XIRECS;7325.0;2
363500;;;PEBBLES_L;XIRECS;10105.0;5
363500;;;PEBBLES_M;XIRECS;10237.0;5
363500;;;PEBBLES_S;XIRECS;9669.0;5
363500;;;PEBBLES_XL;XIRECS;12740.0;5
363500;;;PEBBLES_XS;XIRECS;7281.0;5
364800;;;PEBBLES_L;XIRECS;10004.0;3
364800;;;PEBBLES_M;XIRECS;10317.0;3
364800;;;PEBBLES_S;XIRECS;9633.0;3
364800;;;PEBBLES_XL;XIRECS;12751.0;3
364800;;;PEBBLES_XS;XIRECS;7263.0;3
366900;;;PEBBLES_L;XIRECS;9996.0;5
366900;;;PEBBLES_M;XIRECS;10330.0;5
366900;;;PEBBLES_S;XIRECS;9495.0;5
366900;;;PEBBLES_XL;XIRECS;13163.0;5
366900;;;PEBBLES_XS;XIRECS;7047.0;5
372200;;;PEBBLES_L;XIRECS;9834.0;5
372200;;;PEBBLES_M;XIRECS;10215.0;5
372200;;;PEBBLES_S;XIRECS;9492.0;5
372200;;;PEBBLES_XL;XIRECS;13322.0;5
372200;;;PEBBLES_XS;XIRECS;7104.0;5
372800;;;PEBBLES_L;XIRECS;9890.0;2
372800;;;PEBBLES_M;XIRECS;10277.0;2
372800;;;PEBBLES_S;XIRECS;9482.0;2
372800;;;PEBBLES_XL;XIRECS;13256.0;2
372800;;;PEBBLES_XS;XIRECS;7128.0;2
374100;;;PEBBLES_L;XIRECS;9861.0;5
374100;;;PEBBLES_M;XIRECS;10285.0;5
374100;;;PEBBLES_S;XIRECS;9390.0;5
374100;;;PEBBLES_XL;XIRECS;13329.0;5
374100;;;PEBBLES_XS;XIRECS;7102.0;5
396500;;;PEBBLES_L;XIRECS;9801.0;5
396500;;;PEBBLES_M;XIRECS;10615.0;5
396500;;;PEBBLES_S;XIRECS;9288.0;5
396500;;;PEBBLES_XL;XIRECS;13499.0;5
396500;;;PEBBLES_XS;XIRECS;6829.0;5
403500;;;PEBBLES_L;XIRECS;9718.0;4
403500;;;PEBBLES_M;XIRECS;10504.0;4
403500;;;PEBBLES_S;XIRECS;9343.0;4
403500;;;PEBBLES_XL;XIRECS;13635.0;4
403500;;;PEBBLES_XS;XIRECS;6768.0;4
408200;;;PEBBLES_L;XIRECS;9894.0;4
408200;;;PEBBLES_M;XIRECS;10690.0;4
408200;;;PEBBLES_S;XIRECS;9310.0;4
408200;;;PEBBLES_XL;XIRECS;13163.0;4
408200;;;PEBBLES_XS;XIRECS;6910.0;4
409700;;;PEBBLES_L;XIRECS;9914.0;5
409700;;;PEBBLES_M;XIRECS;10730.0;5
409700;;;PEBBLES_S;XIRECS;9277.0;5
409700;;;PEBBLES_XL;XIRECS;13092.0;5
409700;;;PEBBLES_XS;XIRECS;7019.0;5
418500;;;PEBBLES_L;XIRECS;9942.0;2
418500;;;PEBBLES_M;XIRECS;10733.0;2
418500;;;PEBBLES_S;XIRECS;9274.0;2
418500;;;PEBBLES_XL;XIRECS;13046.0;2
418500;;;PEBBLES_XS;XIRECS;7037.0;2
421000;;;PEBBLES_L;XIRECS;9862.0;2
421000;;;PEBBLES_M;XIRECS;10645.0;2
421000;;;PEBBLES_S;XIRECS;9213.0;2
421000;;;PEBBLES_XL;XIRECS;13262.0;2
421000;;;PEBBLES_XS;XIRECS;7051.0;2
425200;;;PEBBLES_L;XIRECS;9675.0;5
425200;;;PEBBLES_M;XIRECS;10620.0;5
425200;;;PEBBLES_S;XIRECS;9192.0;5
425200;;;PEBBLES_XL;XIRECS;13487.0;5
425200;;;PEBBLES_XS;XIRECS;7058.0;5
426100;;;PEBBLES_L;XIRECS;9574.0;3
426100;;;PEBBLES_M;XIRECS;10673.0;3
426100;;;PEBBLES_S;XIRECS;9205.0;3
426100;;;PEBBLES_XL;XIRECS;13531.0;3
426100;;;PEBBLES_XS;XIRECS;7049.0;3
427800;;;PEBBLES_L;XIRECS;9638.0;2
427800;;;PEBBLES_M;XIRECS;10673.0;2
427800;;;PEBBLES_S;XIRECS;9225.0;2
427800;;;PEBBLES_XL;XIRECS;13455.0;2
427800;;;PEBBLES_XS;XIRECS;7042.0;2
428200;;;PEBBLES_L;XIRECS;9576.0;5
428200;;;PEBBLES_M;XIRECS;10673.0;5
428200;;;PEBBLES_S;XIRECS;9214.0;5
428200;;;PEBBLES_XL;XIRECS;13452.0;5
428200;;;PEBBLES_XS;XIRECS;7053.0;5
435500;;;PEBBLES_L;XIRECS;9389.0;3
435500;;;PEBBLES_M;XIRECS;10544.0;3
435500;;;PEBBLES_S;XIRECS;9058.0;3
435500;;;PEBBLES_XL;XIRECS;13820.0;3
435500;;;PEBBLES_XS;XIRECS;7157.0;3
435800;;;PEBBLES_L;XIRECS;9368.0;3
435800;;;PEBBLES_M;XIRECS;10522.0;3
435800;;;PEBBLES_S;XIRECS;9055.0;3
435800;;;PEBBLES_XL;XIRECS;13836.0;3
435800;;;PEBBLES_XS;XIRECS;7186.0;3
456800;;;PEBBLES_L;XIRECS;9282.0;4
456800;;;PEBBLES_M;XIRECS;10415.0;4
456800;;;PEBBLES_S;XIRECS;9132.0;4
456800;;;PEBBLES_XL;XIRECS;13786.0;4
456800;;;PEBBLES_XS;XIRECS;7418.0;4
457900;;;PEBBLES_L;XIRECS;9371.0;3
457900;;;PEBBLES_M;XIRECS;10419.0;3
457900;;;PEBBLES_S;XIRECS;9038.0;3
457900;;;PEBBLES_XL;XIRECS;13918.0;3
457900;;;PEBBLES_XS;XIRECS;7287.0;3
464400;;;PEBBLES_L;XIRECS;9314.0;3
464400;;;PEBBLES_M;XIRECS;10635.0;3
464400;;;PEBBLES_S;XIRECS;9183.0;3
464400;;;PEBBLES_XL;XIRECS;13615.0;3
464400;;;PEBBLES_XS;XIRECS;7220.0;3
475200;;;PEBBLES_L;XIRECS;9474.0;5
475200;;;PEBBLES_M;XIRECS;10631.0;5
475200;;;PEBBLES_S;XIRECS;9125.0;5
475200;;;PEBBLES_XL;XIRECS;13710.0;5
475200;;;PEBBLES_XS;XIRECS;7029.0;5
479300;;;PEBBLES_L;XIRECS;9371.0;4
479300;;;PEBBLES_M;XIRECS;10555.0;4
479300;;;PEBBLES_S;XIRECS;9084.0;4
479300;;;PEBBLES_XL;XIRECS;13945.0;4
479300;;;PEBBLES_XS;XIRECS;7012.0;4
490200;;;PEBBLES_L;XIRECS;9217.0;3
490200;;;PEBBLES_M;XIRECS;10420.0;3
490200;;;PEBBLES_S;XIRECS;8983.0;3
490200;;;PEBBLES_XL;XIRECS;14568.0;3
490200;;;PEBBLES_XS;XIRECS;6779.0;3
493700;;;PEBBLES_L;XIRECS;9254.0;3
493700;;;PEBBLES_M;XIRECS;10288.0;3
493700;;;PEBBLES_S;XIRECS;8976.0;3
493700;;;PEBBLES_XL;XIRECS;14863.0;3
493700;;;PEBBLES_XS;XIRECS;6653.0;3
498700;;;PEBBLES_L;XIRECS;9272.0;4
498700;;;PEBBLES_M;XIRECS;10191.0;4
498700;;;PEBBLES_S;XIRECS;9031.0;4
498700;;;PEBBLES_XL;XIRECS;14757.0;4
498700;;;PEBBLES_XS;XIRECS;6782.0;4
515000;;;PEBBLES_L;XIRECS;9366.0;3
515000;;;PEBBLES_M;XIRECS;10218.0;3
515000;;;PEBBLES_S;XIRECS;9157.0;3
515000;;;PEBBLES_XL;XIRECS;14498.0;3
515000;;;PEBBLES_XS;XIRECS;6794.0;3
515900;;;PEBBLES_L;XIRECS;9367.0;2
515900;;;PEBBLES_M;XIRECS;10256.0;2
515900;;;PEBBLES_S;XIRECS;9117.0;2
515900;;;PEBBLES_XL;XIRECS;14405.0;2
515900;;;PEBBLES_XS;XIRECS;6822.0;2
516600;;;PEBBLES_L;XIRECS;9347.0;4
516600;;;PEBBLES_M;XIRECS;10184.0;4
516600;;;PEBBLES_S;XIRECS;9094.0;4
516600;;;PEBBLES_XL;XIRECS;14552.0;4
516600;;;PEBBLES_XS;XIRECS;6791.0;4
520400;;;PEBBLES_L;XIRECS;9525.0;5
520400;;;PEBBLES_M;XIRECS;10291.0;5
520400;;;PEBBLES_S;XIRECS;9178.0;5
520400;;;PEBBLES_XL;XIRECS;14090.0;5
520400;;;PEBBLES_XS;XIRECS;6883.0;5
536200;;;PEBBLES_L;XIRECS;9730.0;3
536200;;;PEBBLES_M;XIRECS;10265.0;3
536200;;;PEBBLES_S;XIRECS;8950.0;3
536200;;;PEBBLES_XL;XIRECS;14366.0;3
536200;;;PEBBLES_XS;XIRECS;6722.0;3
537200;;;PEBBLES_L;XIRECS;9788.0;4
537200;;;PEBBLES_M;XIRECS;10269.0;4
537200;;;PEBBLES_S;XIRECS;8964.0;4
537200;;;PEBBLES_XL;XIRECS;14237.0;4
537200;;;PEBBLES_XS;XIRECS;6775.0;4
543600;;;PEBBLES_L;XIRECS;9965.0;5
543600;;;PEBBLES_M;XIRECS;10201.0;5
543600;;;PEBBLES_S;XIRECS;9013.0;5
543600;;;PEBBLES_XL;XIRECS;14114.0;5
543600;;;PEBBLES_XS;XIRECS;6740.0;5
547300;;;PEBBLES_L;XIRECS;10159.0;3
547300;;;PEBBLES_M;XIRECS;10101.0;3
547300;;;PEBBLES_S;XIRECS;8887.0;3
547300;;;PEBBLES_XL;XIRECS;14199.0;3
547300;;;PEBBLES_XS;XIRECS;6621.0;3
552400;;;PEBBLES_L;XIRECS;10269.0;5
552400;;;PEBBLES_M;XIRECS;10053.0;5
552400;;;PEBBLES_S;XIRECS;8585.0;5
552400;;;PEBBLES_XL;XIRECS;14534.0;5
552400;;;PEBBLES_XS;XIRECS;6590.0;5
553000;;;PEBBLES_L;XIRECS;10298.0;3
553000;;;PEBBLES_M;XIRECS;10052.0;3
553000;;;PEBBLES_S;XIRECS;8619.0;3
553000;;;PEBBLES_XL;XIRECS;14410.0;3
553000;;;PEBBLES_XS;XIRECS;6589.0;3
554900;;;PEBBLES_L;XIRECS;10264.0;5
554900;;;PEBBLES_M;XIRECS;10029.0;5
554900;;;PEBBLES_S;XIRECS;8675.0;5
554900;;;PEBBLES_XL;XIRECS;14499.0;5
554900;;;PEBBLES_XS;XIRECS;6501.0;5
556500;;;PEBBLES_L;XIRECS;10304.0;5
556500;;;PEBBLES_M;XIRECS;10151.0;5
556500;;;PEBBLES_S;XIRECS;8771.0;5
556500;;;PEBBLES_XL;XIRECS;14336.0;5
556500;;;PEBBLES_XS;XIRECS;6470.0;5
563800;;;PEBBLES_L;XIRECS;10274.0;5
563800;;;PEBBLES_M;XIRECS;10225.0;5
563800;;;PEBBLES_S;XIRECS;9010.0;5
563800;;;PEBBLES_XL;XIRECS;14169.0;5
563800;;;PEBBLES_XS;XIRECS;6355.0;5
567300;;;PEBBLES_L;XIRECS;10243.0;3
567300;;;PEBBLES_M;XIRECS;10125.0;3
567300;;;PEBBLES_S;XIRECS;8927.0;3
567300;;;PEBBLES_XL;XIRECS;14528.0;3
567300;;;PEBBLES_XS;XIRECS;6144.0;3
567800;;;PEBBLES_L;XIRECS;10230.0;4
567800;;;PEBBLES_M;XIRECS;10110.0;4
567800;;;PEBBLES_S;XIRECS;8936.0;4
567800;;;PEBBLES_XL;XIRECS;14535.0;4
567800;;;PEBBLES_XS;XIRECS;6157.0;4
583200;;;PEBBLES_L;XIRECS;9944.0;5
583200;;;PEBBLES_M;XIRECS;10375.0;5
583200;;;PEBBLES_S;XIRECS;9026.0;5
583200;;;PEBBLES_XL;XIRECS;14622.0;5
583200;;;PEBBLES_XS;XIRECS;6066.0;5
585300;;;PEBBLES_L;XIRECS;10052.0;2
585300;;;PEBBLES_M;XIRECS;10344.0;2
585300;;;PEBBLES_S;XIRECS;9026.0;2
585300;;;PEBBLES_XL;XIRECS;14521.0;2
585300;;;PEBBLES_XS;XIRECS;6025.0;2
596800;;;PEBBLES_L;XIRECS;10179.0;5
596800;;;PEBBLES_M;XIRECS;10310.0;5
596800;;;PEBBLES_S;XIRECS;9075.0;5
596800;;;PEBBLES_XL;XIRECS;14425.0;5
596800;;;PEBBLES_XS;XIRECS;5980.0;5
598900;;;PEBBLES_L;XIRECS;10154.0;3
598900;;;PEBBLES_M;XIRECS;10344.0;3
598900;;;PEBBLES_S;XIRECS;9079.0;3
598900;;;PEBBLES_XL;XIRECS;14259.0;3
598900;;;PEBBLES_XS;XIRECS;6196.0;3
600800;;;PEBBLES_L;XIRECS;10145.0;5
600800;;;PEBBLES_M;XIRECS;10348.0;5
600800;;;PEBBLES_S;XIRECS;9072.0;5
600800;;;PEBBLES_XL;XIRECS;14300.0;5
600800;;;PEBBLES_XS;XIRECS;6101.0;5
618600;;;PEBBLES_L;XIRECS;10052.0;4
618600;;;PEBBLES_M;XIRECS;10043.0;4
618600;;;PEBBLES_S;XIRECS;9213.0;4
618600;;;PEBBLES_XL;XIRECS;14564.0;4
618600;;;PEBBLES_XS;XIRECS;6161.0;4
623100;;;PEBBLES_L;XIRECS;9961.0;2
623100;;;PEBBLES_M;XIRECS;10136.0;2
623100;;;PEBBLES_S;XIRECS;9181.0;2
623100;;;PEBBLES_XL;XIRECS;14481.0;2
623100;;;PEBBLES_XS;XIRECS;6208.0;2
633600;;;PEBBLES_L;XIRECS;10061.0;2
633600;;;PEBBLES_M;XIRECS;10370.0;2
633600;;;PEBBLES_S;XIRECS;9142.0;2
633600;;;PEBBLES_XL;XIRECS;14101.0;2
633600;;;PEBBLES_XS;XIRECS;6294.0;2
640900;;;PEBBLES_L;XIRECS;10133.0;2
640900;;;PEBBLES_M;XIRECS;10377.0;2
640900;;;PEBBLES_S;XIRECS;9167.0;2
640900;;;PEBBLES_XL;XIRECS;13987.0;2
640900;;;PEBBLES_XS;XIRECS;6304.0;2
643700;;;PEBBLES_L;XIRECS;10102.0;3
643700;;;PEBBLES_M;XIRECS;10327.0;3
643700;;;PEBBLES_S;XIRECS;9247.0;3
643700;;;PEBBLES_XL;XIRECS;13893.0;3
643700;;;PEBBLES_XS;XIRECS;6398.0;3
649000;;;PEBBLES_L;XIRECS;10210.0;2
649000;;;PEBBLES_M;XIRECS;10429.0;2
649000;;;PEBBLES_S;XIRECS;9107.0;2
649000;;;PEBBLES_XL;XIRECS;13949.0;2
649000;;;PEBBLES_XS;XIRECS;6337.0;2
649700;;;PEBBLES_L;XIRECS;10238.0;3
649700;;;PEBBLES_M;XIRECS;10508.0;3
649700;;;PEBBLES_S;XIRECS;9195.0;3
649700;;;PEBBLES_XL;XIRECS;13703.0;3
649700;;;PEBBLES_XS;XIRECS;6389.0;3
654300;;;PEBBLES_L;XIRECS;10291.0;3
654300;;;PEBBLES_M;XIRECS;10450.0;3
654300;;;PEBBLES_S;XIRECS;9357.0;3
654300;;;PEBBLES_XL;XIRECS;13488.0;3
654300;;;PEBBLES_XS;XIRECS;6447.0;3
656100;;;PEBBLES_L;XIRECS;10226.0;3
656100;;;PEBBLES_M;XIRECS;10468.0;3
656100;;;PEBBLES_S;XIRECS;9252.0;3
656100;;;PEBBLES_XL;XIRECS;13527.0;3
656100;;;PEBBLES_XS;XIRECS;6495.0;3
658700;;;PEBBLES_L;XIRECS;10239.0;4
658700;;;PEBBLES_M;XIRECS;10434.0;4
658700;;;PEBBLES_S;XIRECS;9245.0;4
658700;;;PEBBLES_XL;XIRECS;13709.0;4
658700;;;PEBBLES_XS;XIRECS;6340.0;4
659300;;;PEBBLES_L;XIRECS;10250.0;2
659300;;;PEBBLES_M;XIRECS;10401.0;2
659300;;;PEBBLES_S;XIRECS;9228.0;2
659300;;;PEBBLES_XL;XIRECS;13837.0;2
659300;;;PEBBLES_XS;XIRECS;6317.0;2
664600;;;PEBBLES_L;XIRECS;10030.0;4
664600;;;PEBBLES_M;XIRECS;10321.0;4
664600;;;PEBBLES_S;XIRECS;9076.0;4
664600;;;PEBBLES_XL;XIRECS;14273.0;4
664600;;;PEBBLES_XS;XIRECS;6333.0;4
666000;;;PEBBLES_L;XIRECS;10132.0;2
666000;;;PEBBLES_M;XIRECS;10338.0;2
666000;;;PEBBLES_S;XIRECS;9080.0;2
666000;;;PEBBLES_XL;XIRECS;14094.0;2
666000;;;PEBBLES_XS;XIRECS;6324.0;2
667400;;;PEBBLES_L;XIRECS;10072.0;5
667400;;;PEBBLES_M;XIRECS;10406.0;5
667400;;;PEBBLES_S;XIRECS;9071.0;5
667400;;;PEBBLES_XL;XIRECS;14116.0;5
667400;;;PEBBLES_XS;XIRECS;6367.0;5
672400;;;PEBBLES_L;XIRECS;10149.0;4
672400;;;PEBBLES_M;XIRECS;10696.0;4
672400;;;PEBBLES_S;XIRECS;9064.0;4
672400;;;PEBBLES_XL;XIRECS;13503.0;4
672400;;;PEBBLES_XS;XIRECS;6555.0;4
672500;;;PEBBLES_L;XIRECS;10142.0;4
672500;;;PEBBLES_M;XIRECS;10696.0;4
672500;;;PEBBLES_S;XIRECS;9092.0;4
672500;;;PEBBLES_XL;XIRECS;13488.0;4
672500;;;PEBBLES_XS;XIRECS;6549.0;4
677900;;;PEBBLES_L;XIRECS;10145.0;5
677900;;;PEBBLES_M;XIRECS;10647.0;5
677900;;;PEBBLES_S;XIRECS;9019.0;5
677900;;;PEBBLES_XL;XIRECS;13449.0;5
677900;;;PEBBLES_XS;XIRECS;6773.0;5
685300;;;PEBBLES_L;XIRECS;9929.0;3
685300;;;PEBBLES_M;XIRECS;10580.0;3
685300;;;PEBBLES_S;XIRECS;9278.0;3
685300;;;PEBBLES_XL;XIRECS;13446.0;3
685300;;;PEBBLES_XS;XIRECS;6800.0;3
687600;;;PEBBLES_L;XIRECS;9870.0;5
687600;;;PEBBLES_M;XIRECS;10486.0;5
687600;;;PEBBLES_S;XIRECS;9301.0;5
687600;;;PEBBLES_XL;XIRECS;13526.0;5
687600;;;PEBBLES_XS;XIRECS;6785.0;5
692800;;;PEBBLES_L;XIRECS;9669.0;4
692800;;;PEBBLES_M;XIRECS;10486.0;4
692800;;;PEBBLES_S;XIRECS;9466.0;4
692800;;;PEBBLES_XL;XIRECS;13640.0;4
692800;;;PEBBLES_XS;XIRECS;6706.0;4
694500;;;PEBBLES_L;XIRECS;9666.0;5
694500;;;PEBBLES_M;XIRECS;10456.0;5
694500;;;PEBBLES_S;XIRECS;9411.0;5
694500;;;PEBBLES_XL;XIRECS;13676.0;5
694500;;;PEBBLES_XS;XIRECS;6759.0;5
695500;;;PEBBLES_L;XIRECS;9724.0;4
695500;;;PEBBLES_M;XIRECS;10502.0;4
695500;;;PEBBLES_S;XIRECS;9434.0;4
695500;;;PEBBLES_XL;XIRECS;13595.0;4
695500;;;PEBBLES_XS;XIRECS;6777.0;4
697400;;;PEBBLES_L;XIRECS;9747.0;3
697400;;;PEBBLES_M;XIRECS;10584.0;3
697400;;;PEBBLES_S;XIRECS;9462.0;3
697400;;;PEBBLES_XL;XIRECS;13475.0;3
697400;;;PEBBLES_XS;XIRECS;6699.0;3
699400;;;PEBBLES_L;XIRECS;9784.0;4
699400;;;PEBBLES_M;XIRECS;10560.0;4
699400;;;PEBBLES_S;XIRECS;9467.0;4
699400;;;PEBBLES_XL;XIRECS;13483.0;4
699400;;;PEBBLES_XS;XIRECS;6673.0;4
703300;;;PEBBLES_L;XIRECS;9928.0;4
703300;;;PEBBLES_M;XIRECS;10519.0;4
703300;;;PEBBLES_S;XIRECS;9546.0;4
703300;;;PEBBLES_XL;XIRECS;13357.0;4
703300;;;PEBBLES_XS;XIRECS;6618.0;4
709300;;;PEBBLES_L;XIRECS;10169.0;4
709300;;;PEBBLES_M;XIRECS;10318.0;4
709300;;;PEBBLES_S;XIRECS;9712.0;4
709300;;;PEBBLES_XL;XIRECS;13350.0;4
709300;;;PEBBLES_XS;XIRECS;6483.0;4
712000;;;PEBBLES_L;XIRECS;10118.0;3
712000;;;PEBBLES_M;XIRECS;10224.0;3
712000;;;PEBBLES_S;XIRECS;9732.0;3
712000;;;PEBBLES_XL;XIRECS;13336.0;3
712000;;;PEBBLES_XS;XIRECS;6558.0;3
712800;;;PEBBLES_L;XIRECS;10156.0;3
712800;;;PEBBLES_M;XIRECS;10242.0;3
712800;;;PEBBLES_S;XIRECS;9737.0;3
712800;;;PEBBLES_XL;XIRECS;13356.0;3
712800;;;PEBBLES_XS;XIRECS;6542.0;3
717300;;;PEBBLES_L;XIRECS;10105.0;3
717300;;;PEBBLES_M;XIRECS;10228.0;3
717300;;;PEBBLES_S;XIRECS;9685.0;3
717300;;;PEBBLES_XL;XIRECS;13575.0;3
717300;;;PEBBLES_XS;XIRECS;6439.0;3
718100;;;PEBBLES_L;XIRECS;10154.0;5
718100;;;PEBBLES_M;XIRECS;10263.0;5
718100;;;PEBBLES_S;XIRECS;9666.0;5
718100;;;PEBBLES_XL;XIRECS;13478.0;5
718100;;;PEBBLES_XS;XIRECS;6407.0;5
721500;;;PEBBLES_L;XIRECS;10293.0;2
721500;;;PEBBLES_M;XIRECS;10505.0;2
721500;;;PEBBLES_S;XIRECS;9782.0;2
721500;;;PEBBLES_XL;XIRECS;13007.0;2
721500;;;PEBBLES_XS;XIRECS;6380.0;2
722400;;;PEBBLES_L;XIRECS;10251.0;2
722400;;;PEBBLES_M;XIRECS;10501.0;2
722400;;;PEBBLES_S;XIRECS;9726.0;2
722400;;;PEBBLES_XL;XIRECS;13111.0;2
722400;;;PEBBLES_XS;XIRECS;6379.0;2
725500;;;PEBBLES_L;XIRECS;10299.0;5
725500;;;PEBBLES_M;XIRECS;10446.0;5
725500;;;PEBBLES_S;XIRECS;9708.0;5
725500;;;PEBBLES_XL;XIRECS;13323.0;5
725500;;;PEBBLES_XS;XIRECS;6257.0;5
726300;;;PEBBLES_L;XIRECS;10339.0;5
726300;;;PEBBLES_M;XIRECS;10478.0;5
726300;;;PEBBLES_S;XIRECS;9754.0;5
726300;;;PEBBLES_XL;XIRECS;13214.0;5
726300;;;PEBBLES_XS;XIRECS;6248.0;5
732500;;;PEBBLES_L;XIRECS;10326.0;4
732500;;;PEBBLES_M;XIRECS;10492.0;4
732500;;;PEBBLES_S;XIRECS;9645.0;4
732500;;;PEBBLES_XL;XIRECS;13116.0;4
732500;;;PEBBLES_XS;XIRECS;6389.0;4
743000;;;PEBBLES_L;XIRECS;10535.0;2
743000;;;PEBBLES_M;XIRECS;10646.0;2
743000;;;PEBBLES_S;XIRECS;9658.0;2
743000;;;PEBBLES_XL;XIRECS;12822.0;2
743000;;;PEBBLES_XS;XIRECS;6373.0;2
746100;;;PEBBLES_L;XIRECS;10529.0;4
746100;;;PEBBLES_M;XIRECS;10601.0;4
746100;;;PEBBLES_S;XIRECS;9761.0;4
746100;;;PEBBLES_XL;XIRECS;12705.0;4
746100;;;PEBBLES_XS;XIRECS;6436.0;4
748100;;;PEBBLES_L;XIRECS;10500.0;4
748100;;;PEBBLES_M;XIRECS;10616.0;4
748100;;;PEBBLES_S;XIRECS;9825.0;4
748100;;;PEBBLES_XL;XIRECS;12633.0;4
748100;;;PEBBLES_XS;XIRECS;6394.0;4
759700;;;PEBBLES_L;XIRECS;10366.0;4
759700;;;PEBBLES_M;XIRECS;10669.0;4
759700;;;PEBBLES_S;XIRECS;9682.0;4
759700;;;PEBBLES_XL;XIRECS;13171.0;4
759700;;;PEBBLES_XS;XIRECS;6080.0;4
763700;;;PEBBLES_L;XIRECS;10462.0;3
763700;;;PEBBLES_M;XIRECS;10664.0;3
763700;;;PEBBLES_S;XIRECS;9498.0;3
763700;;;PEBBLES_XL;XIRECS;13298.0;3
763700;;;PEBBLES_XS;XIRECS;6110.0;3
765200;;;PEBBLES_L;XIRECS;10593.0;4
765200;;;PEBBLES_M;XIRECS;10643.0;4
765200;;;PEBBLES_S;XIRECS;9480.0;4
765200;;;PEBBLES_XL;XIRECS;13099.0;4
765200;;;PEBBLES_XS;XIRECS;6153.0;4
777000;;;PEBBLES_L;XIRECS;10766.0;5
777000;;;PEBBLES_M;XIRECS;10587.0;5
777000;;;PEBBLES_S;XIRECS;9373.0;5
777000;;;PEBBLES_XL;XIRECS;13261.0;5
777000;;;PEBBLES_XS;XIRECS;6011.0;5
780700;;;PEBBLES_L;XIRECS;10800.0;3
780700;;;PEBBLES_M;XIRECS;10696.0;3
780700;;;PEBBLES_S;XIRECS;9435.0;3
780700;;;PEBBLES_XL;XIRECS;13174.0;3
780700;;;PEBBLES_XS;XIRECS;5928.0;3
786400;;;PEBBLES_L;XIRECS;10780.0;5
786400;;;PEBBLES_M;XIRECS;10688.0;5
786400;;;PEBBLES_S;XIRECS;9417.0;5
786400;;;PEBBLES_XL;XIRECS;13120.0;5
786400;;;PEBBLES_XS;XIRECS;5962.0;5
787700;;;PEBBLES_L;XIRECS;10754.0;4
787700;;;PEBBLES_M;XIRECS;10763.0;4
787700;;;PEBBLES_S;XIRECS;9534.0;4
787700;;;PEBBLES_XL;XIRECS;12985.0;4
787700;;;PEBBLES_XS;XIRECS;5998.0;4
794800;;;PEBBLES_L;XIRECS;10626.0;2
794800;;;PEBBLES_M;XIRECS;10770.0;2
794800;;;PEBBLES_S;XIRECS;9494.0;2
794800;;;PEBBLES_XL;XIRECS;13214.0;2
794800;;;PEBBLES_XS;XIRECS;5928.0;2
796300;;;PEBBLES_L;XIRECS;10450.0;2
796300;;;PEBBLES_M;XIRECS;10800.0;2
796300;;;PEBBLES_S;XIRECS;9523.0;2
796300;;;PEBBLES_XL;XIRECS;13336.0;2
796300;;;PEBBLES_XS;XIRECS;5859.0;2
802200;;;PEBBLES_L;XIRECS;10405.0;3
802200;;;PEBBLES_M;XIRECS;10617.0;3
802200;;;PEBBLES_S;XIRECS;9377.0;3
802200;;;PEBBLES_XL;XIRECS;13678.0;3
802200;;;PEBBLES_XS;XIRECS;5954.0;3
804100;;;PEBBLES_L;XIRECS;10413.0;4
804100;;;PEBBLES_M;XIRECS;10650.0;4
804100;;;PEBBLES_S;XIRECS;9399.0;4
804100;;;PEBBLES_XL;XIRECS;13714.0;4
804100;;;PEBBLES_XS;XIRECS;5856.0;4
805800;;;PEBBLES_L;XIRECS;10434.0;4
805800;;;PEBBLES_M;XIRECS;10710.0;4
805800;;;PEBBLES_S;XIRECS;9303.0;4
805800;;;PEBBLES_XL;XIRECS;13665.0;4
805800;;;PEBBLES_XS;XIRECS;5921.0;4
807400;;;PEBBLES_L;XIRECS;10478.0;3
807400;;;PEBBLES_M;XIRECS;10659.0;3
807400;;;PEBBLES_S;XIRECS;9152.0;3
807400;;;PEBBLES_XL;XIRECS;13676.0;3
807400;;;PEBBLES_XS;XIRECS;6002.0;3
812500;;;PEBBLES_L;XIRECS;10500.0;2
812500;;;PEBBLES_M;XIRECS;10702.0;2
812500;;;PEBBLES_S;XIRECS;8926.0;2
812500;;;PEBBLES_XL;XIRECS;13894.0;2
812500;;;PEBBLES_XS;XIRECS;6010.0;2
814300;;;PEBBLES_L;XIRECS;10535.0;2
814300;;;PEBBLES_M;XIRECS;10743.0;2
814300;;;PEBBLES_S;XIRECS;8917.0;2
814300;;;PEBBLES_XL;XIRECS;13852.0;2
814300;;;PEBBLES_XS;XIRECS;5986.0;2
815800;;;PEBBLES_L;XIRECS;10507.0;4
815800;;;PEBBLES_M;XIRECS;10834.0;4
815800;;;PEBBLES_S;XIRECS;8983.0;4
815800;;;PEBBLES_XL;XIRECS;13758.0;4
815800;;;PEBBLES_XS;XIRECS;5950.0;4
822100;;;PEBBLES_L;XIRECS;10520.0;5
822100;;;PEBBLES_M;XIRECS;10986.0;5
822100;;;PEBBLES_S;XIRECS;8971.0;5
822100;;;PEBBLES_XL;XIRECS;13445.0;5
822100;;;PEBBLES_XS;XIRECS;6045.0;5
822600;;;PEBBLES_L;XIRECS;10523.0;3
822600;;;PEBBLES_M;XIRECS;11016.0;3
822600;;;PEBBLES_S;XIRECS;8996.0;3
822600;;;PEBBLES_XL;XIRECS;13433.0;3
822600;;;PEBBLES_XS;XIRECS;6063.0;3
825000;;;PEBBLES_L;XIRECS;10608.0;2
825000;;;PEBBLES_M;XIRECS;11045.0;2
825000;;;PEBBLES_S;XIRECS;9050.0;2
825000;;;PEBBLES_XL;XIRECS;13292.0;2
825000;;;PEBBLES_XS;XIRECS;6039.0;2
831900;;;PEBBLES_L;XIRECS;10577.0;2
831900;;;PEBBLES_M;XIRECS;11140.0;2
831900;;;PEBBLES_S;XIRECS;8921.0;2
831900;;;PEBBLES_XL;XIRECS;13378.0;2
831900;;;PEBBLES_XS;XIRECS;6017.0;2
832900;;;PEBBLES_L;XIRECS;10545.0;3
832900;;;PEBBLES_M;XIRECS;11185.0;3
832900;;;PEBBLES_S;XIRECS;8920.0;3
832900;;;PEBBLES_XL;XIRECS;13263.0;3
832900;;;PEBBLES_XS;XIRECS;6054.0;3
834400;;;PEBBLES_L;XIRECS;10548.0;3
834400;;;PEBBLES_M;XIRECS;11164.0;3
834400;;;PEBBLES_S;XIRECS;8914.0;3
834400;;;PEBBLES_XL;XIRECS;13345.0;3
834400;;;PEBBLES_XS;XIRECS;6061.0;3
847900;;;PEBBLES_L;XIRECS;10691.0;3
847900;;;PEBBLES_M;XIRECS;11086.0;3
847900;;;PEBBLES_S;XIRECS;8908.0;3
847900;;;PEBBLES_XL;XIRECS;13094.0;3
847900;;;PEBBLES_XS;XIRECS;6253.0;3
855700;;;PEBBLES_L;XIRECS;10777.0;5
855700;;;PEBBLES_M;XIRECS;11116.0;5
855700;;;PEBBLES_S;XIRECS;8856.0;5
855700;;;PEBBLES_XL;XIRECS;13060.0;5
855700;;;PEBBLES_XS;XIRECS;6159.0;5
858500;;;PEBBLES_L;XIRECS;10734.0;4
858500;;;PEBBLES_M;XIRECS;11233.0;4
858500;;;PEBBLES_S;XIRECS;8964.0;4
858500;;;PEBBLES_XL;XIRECS;12870.0;4
858500;;;PEBBLES_XS;XIRECS;6167.0;4
859800;;;PEBBLES_L;XIRECS;10763.0;5
859800;;;PEBBLES_M;XIRECS;11155.0;5
859800;;;PEBBLES_S;XIRECS;8881.0;5
859800;;;PEBBLES_XL;XIRECS;12949.0;5
859800;;;PEBBLES_XS;XIRECS;6221.0;5
868500;;;PEBBLES_L;XIRECS;10589.0;2
868500;;;PEBBLES_M;XIRECS;11092.0;2
868500;;;PEBBLES_S;XIRECS;8932.0;2
868500;;;PEBBLES_XL;XIRECS;12914.0;2
868500;;;PEBBLES_XS;XIRECS;6440.0;2
871600;;;PEBBLES_L;XIRECS;10782.0;3
871600;;;PEBBLES_M;XIRECS;11217.0;3
871600;;;PEBBLES_S;XIRECS;8907.0;3
871600;;;PEBBLES_XL;XIRECS;12584.0;3
871600;;;PEBBLES_XS;XIRECS;6542.0;3
876700;;;PEBBLES_L;XIRECS;10620.0;5
876700;;;PEBBLES_M;XIRECS;11040.0;5
876700;;;PEBBLES_S;XIRECS;8839.0;5
876700;;;PEBBLES_XL;XIRECS;12818.0;5
876700;;;PEBBLES_XS;XIRECS;6650.0;5
877100;;;PEBBLES_L;XIRECS;10659.0;5
877100;;;PEBBLES_M;XIRECS;11065.0;5
877100;;;PEBBLES_S;XIRECS;8840.0;5
877100;;;PEBBLES_XL;XIRECS;12812.0;5
877100;;;PEBBLES_XS;XIRECS;6657.0;5
883500;;;PEBBLES_L;XIRECS;10620.0;2
883500;;;PEBBLES_M;XIRECS;10913.0;2
883500;;;PEBBLES_S;XIRECS;8816.0;2
883500;;;PEBBLES_XL;XIRECS;12936.0;2
883500;;;PEBBLES_XS;XIRECS;6747.0;2
901000;;;PEBBLES_L;XIRECS;10803.0;3
901000;;;PEBBLES_M;XIRECS;11239.0;3
901000;;;PEBBLES_S;XIRECS;9002.0;3
901000;;;PEBBLES_XL;XIRECS;12621.0;3
901000;;;PEBBLES_XS;XIRECS;6367.0;3
907800;;;PEBBLES_L;XIRECS;10713.0;2
907800;;;PEBBLES_M;XIRECS;11098.0;2
907800;;;PEBBLES_S;XIRECS;8789.0;2
907800;;;PEBBLES_XL;XIRECS;13104.0;2
907800;;;PEBBLES_XS;XIRECS;6328.0;2
912900;;;PEBBLES_L;XIRECS;10748.0;4
912900;;;PEBBLES_M;XIRECS;11033.0;4
912900;;;PEBBLES_S;XIRECS;8751.0;4
912900;;;PEBBLES_XL;XIRECS;13143.0;4
912900;;;PEBBLES_XS;XIRECS;6292.0;4
916400;;;PEBBLES_L;XIRECS;10764.0;4
916400;;;PEBBLES_M;XIRECS;11067.0;4
916400;;;PEBBLES_S;XIRECS;8960.0;4
916400;;;PEBBLES_XL;XIRECS;12963.0;4
916400;;;PEBBLES_XS;XIRECS;6278.0;4
918700;;;PEBBLES_L;XIRECS;10664.0;5
918700;;;PEBBLES_M;XIRECS;11052.0;5
918700;;;PEBBLES_S;XIRECS;8989.0;5
918700;;;PEBBLES_XL;XIRECS;13018.0;5
918700;;;PEBBLES_XS;XIRECS;6245.0;5
923200;;;PEBBLES_L;XIRECS;10848.0;4
923200;;;PEBBLES_M;XIRECS;11112.0;4
923200;;;PEBBLES_S;XIRECS;8917.0;4
923200;;;PEBBLES_XL;XIRECS;12961.0;4
923200;;;PEBBLES_XS;XIRECS;6195.0;4
923600;;;PEBBLES_L;XIRECS;10855.0;3
923600;;;PEBBLES_M;XIRECS;11150.0;3
923600;;;PEBBLES_S;XIRECS;8879.0;3
923600;;;PEBBLES_XL;XIRECS;12944.0;3
923600;;;PEBBLES_XS;XIRECS;6204.0;3
925800;;;PEBBLES_L;XIRECS;10809.0;5
925800;;;PEBBLES_M;XIRECS;11158.0;5
925800;;;PEBBLES_S;XIRECS;8903.0;5
925800;;;PEBBLES_XL;XIRECS;12908.0;5
925800;;;PEBBLES_XS;XIRECS;6190.0;5
926200;;;PEBBLES_L;XIRECS;10821.0;5
926200;;;PEBBLES_M;XIRECS;11171.0;5
926200;;;PEBBLES_S;XIRECS;8881.0;5
926200;;;PEBBLES_XL;XIRECS;12971.0;5
926200;;;PEBBLES_XS;XIRECS;6189.0;5
933600;;;PEBBLES_L;XIRECS;11073.0;2
933600;;;PEBBLES_M;XIRECS;11174.0;2
933600;;;PEBBLES_S;XIRECS;8965.0;2
933600;;;PEBBLES_XL;XIRECS;12509.0;2
933600;;;PEBBLES_XS;XIRECS;6312.0;2
946800;;;PEBBLES_L;XIRECS;11166.0;3
946800;;;PEBBLES_M;XIRECS;11000.0;3
946800;;;PEBBLES_S;XIRECS;8726.0;3
946800;;;PEBBLES_XL;XIRECS;12554.0;3
946800;;;PEBBLES_XS;XIRECS;6522.0;3
951700;;;PEBBLES_L;XIRECS;11165.0;2
951700;;;PEBBLES_M;XIRECS;10988.0;2
951700;;;PEBBLES_S;XIRECS;8750.0;2
951700;;;PEBBLES_XL;XIRECS;12639.0;2
951700;;;PEBBLES_XS;XIRECS;6490.0;2
954500;;;PEBBLES_L;XIRECS;11122.0;5
954500;;;PEBBLES_M;XIRECS;10959.0;5
954500;;;PEBBLES_S;XIRECS;8760.0;5
954500;;;PEBBLES_XL;XIRECS;12617.0;5
954500;;;PEBBLES_XS;XIRECS;6575.0;5
955300;;;PEBBLES_L;XIRECS;11092.0;4
955300;;;PEBBLES_M;XIRECS;11012.0;4
955300;;;PEBBLES_S;XIRECS;8705.0;4
955300;;;PEBBLES_XL;XIRECS;12685.0;4
955300;;;PEBBLES_XS;XIRECS;6538.0;4
955500;;;PEBBLES_L;XIRECS;11052.0;2
955500;;;PEBBLES_M;XIRECS;11033.0;2
955500;;;PEBBLES_S;XIRECS;8716.0;2
955500;;;PEBBLES_XL;XIRECS;12697.0;2
955500;;;PEBBLES_XS;XIRECS;6534.0;2
956600;;;PEBBLES_L;XIRECS;11057.0;3
956600;;;PEBBLES_M;XIRECS;11082.0;3
956600;;;PEBBLES_S;XIRECS;8681.0;3
956600;;;PEBBLES_XL;XIRECS;12639.0;3
956600;;;PEBBLES_XS;XIRECS;6573.0;3
960700;;;PEBBLES_L;XIRECS;10994.0;3
960700;;;PEBBLES_M;XIRECS;11119.0;3
960700;;;PEBBLES_S;XIRECS;8613.0;3
960700;;;PEBBLES_XL;XIRECS;12610.0;3
960700;;;PEBBLES_XS;XIRECS;6631.0;3
963100;;;PEBBLES_L;XIRECS;11010.0;3
963100;;;PEBBLES_M;XIRECS;11149.0;3
963100;;;PEBBLES_S;XIRECS;8662.0;3
963100;;;PEBBLES_XL;XIRECS;12353.0;3
963100;;;PEBBLES_XS;XIRECS;6793.0;3
963300;;;PEBBLES_L;XIRECS;11014.0;5
963300;;;PEBBLES_M;XIRECS;11153.0;5
963300;;;PEBBLES_S;XIRECS;8644.0;5
963300;;;PEBBLES_XL;XIRECS;12387.0;5
963300;;;PEBBLES_XS;XIRECS;6769.0;5
965500;;;PEBBLES_L;XIRECS;11077.0;2
965500;;;PEBBLES_M;XIRECS;11165.0;2
965500;;;PEBBLES_S;XIRECS;8625.0;2
965500;;;PEBBLES_XL;XIRECS;12358.0;2
965500;;;PEBBLES_XS;XIRECS;6808.0;2
965900;;;PEBBLES_L;XIRECS;11076.0;3
965900;;;PEBBLES_M;XIRECS;11163.0;3
965900;;;PEBBLES_S;XIRECS;8577.0;3
965900;;;PEBBLES_XL;XIRECS;12338.0;3
965900;;;PEBBLES_XS;XIRECS;6814.0;3
969500;;;PEBBLES_L;XIRECS;11021.0;5
969500;;;PEBBLES_M;XIRECS;11319.0;5
969500;;;PEBBLES_S;XIRECS;8611.0;5
969500;;;PEBBLES_XL;XIRECS;12190.0;5
969500;;;PEBBLES_XS;XIRECS;6825.0;5
971400;;;PEBBLES_L;XIRECS;10973.0;4
971400;;;PEBBLES_M;XIRECS;11272.0;4
971400;;;PEBBLES_S;XIRECS;8550.0;4
971400;;;PEBBLES_XL;XIRECS;12331.0;4
971400;;;PEBBLES_XS;XIRECS;6842.0;4
973400;;;PEBBLES_L;XIRECS;11012.0;4
973400;;;PEBBLES_M;XIRECS;11319.0;4
973400;;;PEBBLES_S;XIRECS;8570.0;4
973400;;;PEBBLES_XL;XIRECS;12187.0;4
973400;;;PEBBLES_XS;XIRECS;6944.0;4
976000;;;PEBBLES_L;XIRECS;11017.0;2
976000;;;PEBBLES_M;XIRECS;11325.0;2
976000;;;PEBBLES_S;XIRECS;8684.0;2
976000;;;PEBBLES_XL;XIRECS;12061.0;2
976000;;;PEBBLES_XS;XIRECS;6946.0;2
981300;;;PEBBLES_L;XIRECS;10901.0;5
981300;;;PEBBLES_M;XIRECS;10991.0;5
981300;;;PEBBLES_S;XIRECS;8765.0;5
981300;;;PEBBLES_XL;XIRECS;12335.0;5
981300;;;PEBBLES_XS;XIRECS;6975.0;5
992100;;;PEBBLES_L;XIRECS;10948.0;5
992100;;;PEBBLES_M;XIRECS;10997.0;5
992100;;;PEBBLES_S;XIRECS;8781.0;5
992100;;;PEBBLES_XL;XIRECS;12340.0;5
992100;;;PEBBLES_XS;XIRECS;6902.0;5
992500;;;PEBBLES_L;XIRECS;10922.0;3
992500;;;PEBBLES_M;XIRECS;11024.0;3
992500;;;PEBBLES_S;XIRECS;8823.0;3
992500;;;PEBBLES_XL;XIRECS;12358.0;3
992500;;;PEBBLES_XS;XIRECS;6906.0;3
994100;;;PEBBLES_L;XIRECS;10943.0;3
994100;;;PEBBLES_M;XIRECS;11123.0;3
994100;;;PEBBLES_S;XIRECS;8805.0;3
994100;;;PEBBLES_XL;XIRECS;12213.0;3
994100;;;PEBBLES_XS;XIRECS;6947.0;3
997200;;;PEBBLES_L;XIRECS;11063.0;5
997200;;;PEBBLES_M;XIRECS;10998.0;5
997200;;;PEBBLES_S;XIRECS;8899.0;5
997200;;;PEBBLES_XL;XIRECS;12172.0;5
997200;;;PEBBLES_XS;XIRECS;6900.0;5
