timestamp;buyer;seller;symbol;currency;price;quantity
1000;;;SNACKPACK_CHOCOLATE;XIRECS;9943.0;2
1000;;;SNACKPACK_PISTACHIO;XIRECS;9496.0;2
1000;;;SNACKPACK_RASPBERRY;XIRECS;10273.0;2
1000;;;SNACKPACK_STRAWBERRY;XIRECS;10426.0;2
1000;;;SNACKPACK_VANILLA;XIRECS;10046.0;2
2500;;;SNACKPACK_CHOCOLATE;XIRECS;9935.0;2
2500;;;SNACKPACK_PISTACHIO;XIRECS;9508.0;2
2500;;;SNACKPACK_RASPBERRY;XIRECS;10202.0;2
2500;;;SNACKPACK_STRAWBERRY;XIRECS;10465.0;2
2500;;;SNACKPACK_VANILLA;XIRECS;10005.0;2
3700;;;SNACKPACK_CHOCOLATE;XIRECS;9969.0;4
3700;;;SNACKPACK_PISTACHIO;XIRECS;9536.0;4
3700;;;SNACKPACK_RASPBERRY;XIRECS;10175.0;4
3700;;;SNACKPACK_STRAWBERRY;XIRECS;10523.0;4
3700;;;SNACKPACK_VANILLA;XIRECS;9997.0;4
6700;;;SNACKPACK_CHOCOLATE;XIRECS;9952.0;2
6700;;;SNACKPACK_PISTACHIO;XIRECS;9525.0;2
6700;;;SNACKPACK_RASPBERRY;XIRECS;10160.0;2
6700;;;SNACKPACK_STRAWBERRY;XIRECS;10524.0;2
6700;;;SNACKPACK_VANILLA;XIRECS;9983.0;2
22000;;;SNACKPACK_CHOCOLATE;XIRECS;9985.0;2
22000;;;SNACKPACK_PISTACHIO;XIRECS;9555.0;2
22000;;;SNACKPACK_RASPBERRY;XIRECS;10168.0;2
22000;;;SNACKPACK_STRAWBERRY;XIRECS;10520.0;2
22000;;;SNACKPACK_VANILLA;XIRECS;9914.0;2
22600;;;SNACKPACK_CHOCOLATE;XIRECS;10003.0;1
22600;;;SNACKPACK_PISTACHIO;XIRECS;9552.0;1
22600;;;SNACKPACK_RASPBERRY;XIRECS;10159.0;1
22600;;;SNACKPACK_STRAWBERRY;XIRECS;10526.0;1
22600;;;SNACKPACK_VANILLA;XIRECS;9898.0;1
24300;;;SNACKPACK_CHOCOLATE;XIRECS;10018.0;4
24300;;;SNACKPACK_PISTACHIO;XIRECS;9522.0;4
24300;;;SNACKPACK_RASPBERRY;XIRECS;10202.0;4
24300;;;SNACKPACK_STRAWBERRY;XIRECS;10487.0;4
24300;;;SNACKPACK_VANILLA;XIRECS;9885.0;4
25600;;;SNACKPACK_CHOCOLATE;XIRECS;10028.0;4
25600;;;SNACKPACK_PISTACHIO;XIRECS;9529.0;4
25600;;;SNACKPACK_RASPBERRY;XIRECS;10180.0;4
25600;;;SNACKPACK_STRAWBERRY;XIRECS;10496.0;4
25600;;;SNACKPACK_VANILLA;XIRECS;9871.0;4
26000;;;SNACKPACK_CHOCOLATE;XIRECS;9998.0;2
26000;;;SNACKPACK_PISTACHIO;XIRECS;9523.0;2
26000;;;SNACKPACK_RASPBERRY;XIRECS;10195.0;2
26000;;;SNACKPACK_STRAWBERRY;XIRECS;10485.0;2
26000;;;SNACKPACK_VANILLA;XIRECS;9897.0;2
27400;;;SNACKPACK_CHOCOLATE;XIRECS;10024.0;1
27400;;;SNACKPACK_PISTACHIO;XIRECS;9504.0;1
27400;;;SNACKPACK_RASPBERRY;XIRECS;10264.0;1
27400;;;SNACKPACK_STRAWBERRY;XIRECS;10443.0;1
27400;;;SNACKPACK_VANILLA;XIRECS;9904.0;1
37000;;;SNACKPACK_CHOCOLATE;XIRECS;10147.0;4
37000;;;SNACKPACK_PISTACHIO;XIRECS;9536.0;4
37000;;;SNACKPACK_RASPBERRY;XIRECS;10247.0;4
37000;;;SNACKPACK_STRAWBERRY;XIRECS;10478.0;4
37000;;;SNACKPACK_VANILLA;XIRECS;9798.0;4
44000;;;SNACKPACK_CHOCOLATE;XIRECS;10052.0;3
44000;;;SNACKPACK_PISTACHIO;XIRECS;9573.0;3
44000;;;SNACKPACK_RASPBERRY;XIRECS;10179.0;3
44000;;;SNACKPACK_STRAWBERRY;XIRECS;10519.0;3
44000;;;SNACKPACK_VANILLA;XIRECS;9862.0;3
52700;;;SNACKPACK_CHOCOLATE;XIRECS;10044.0;4
52700;;;SNACKPACK_PISTACHIO;XIRECS;9602.0;4
52700;;;SNACKPACK_RASPBERRY;XIRECS;10198.0;4
52700;;;SNACKPACK_STRAWBERRY;XIRECS;10543.0;4
52700;;;SNACKPACK_VANILLA;XIRECS;9908.0;4
56400;;;SNACKPACK_CHOCOLATE;XIRECS;10097.0;1
56400;;;SNACKPACK_PISTACHIO;XIRECS;9591.0;1
56400;;;SNACKPACK_RASPBERRY;XIRECS;10192.0;1
56400;;;SNACKPACK_STRAWBERRY;XIRECS;10540.0;1
56400;;;SNACKPACK_VANILLA;XIRECS;9823.0;1
58800;;;SNACKPACK_CHOCOLATE;XIRECS;10114.0;2
58800;;;SNACKPACK_PISTACHIO;XIRECS;9627.0;2
58800;;;SNACKPACK_RASPBERRY;XIRECS;10167.0;2
58800;;;SNACKPACK_STRAWBERRY;XIRECS;10602.0;2
58800;;;SNACKPACK_VANILLA;XIRECS;9836.0;2
61700;;;SNACKPACK_CHOCOLATE;XIRECS;10090.0;3
61700;;;SNACKPACK_PISTACHIO;XIRECS;9621.0;3
61700;;;SNACKPACK_RASPBERRY;XIRECS;10206.0;3
61700;;;SNACKPACK_STRAWBERRY;XIRECS;10568.0;3
61700;;;SNACKPACK_VANILLA;XIRECS;9852.0;3
66900;;;SNACKPACK_CHOCOLATE;XIRECS;10131.0;4
66900;;;SNACKPACK_PISTACHIO;XIRECS;9630.0;4
66900;;;SNACKPACK_RASPBERRY;XIRECS;10141.0;4
66900;;;SNACKPACK_STRAWBERRY;XIRECS;10613.0;4
66900;;;SNACKPACK_VANILLA;XIRECS;9775.0;4
72500;;;SNACKPACK_CHOCOLATE;XIRECS;10078.0;4
72500;;;SNACKPACK_PISTACHIO;XIRECS;9626.0;4
72500;;;SNACKPACK_RASPBERRY;XIRECS;10127.0;4
72500;;;SNACKPACK_STRAWBERRY;XIRECS;10627.0;4
72500;;;SNACKPACK_VANILLA;XIRECS;9839.0;4
73700;;;SNACKPACK_CHOCOLATE;XIRECS;10020.0;4
73700;;;SNACKPACK_PISTACHIO;XIRECS;9650.0;4
73700;;;SNACKPACK_RASPBERRY;XIRECS;10127.0;4
73700;;;SNACKPACK_STRAWBERRY;XIRECS;10666.0;4
73700;;;SNACKPACK_VANILLA;XIRECS;9928.0;4
74200;;;SNACKPACK_CHOCOLATE;XIRECS;10010.0;2
74200;;;SNACKPACK_PISTACHIO;XIRECS;9638.0;2
74200;;;SNACKPACK_RASPBERRY;XIRECS;10110.0;2
74200;;;SNACKPACK_STRAWBERRY;XIRECS;10649.0;2
74200;;;SNACKPACK_VANILLA;XIRECS;9904.0;2
75200;;;SNACKPACK_CHOCOLATE;XIRECS;10009.0;4
75200;;;SNACKPACK_PISTACHIO;XIRECS;9625.0;4
75200;;;SNACKPACK_RASPBERRY;XIRECS;10159.0;4
75200;;;SNACKPACK_STRAWBERRY;XIRECS;10635.0;4
75200;;;SNACKPACK_VANILLA;XIRECS;9943.0;4
78100;;;SNACKPACK_CHOCOLATE;XIRECS;9934.0;3
78100;;;SNACKPACK_PISTACHIO;XIRECS;9608.0;3
78100;;;SNACKPACK_RASPBERRY;XIRECS;10106.0;3
78100;;;SNACKPACK_STRAWBERRY;XIRECS;10661.0;3
78100;;;SNACKPACK_VANILLA;XIRECS;9992.0;3
80300;;;SNACKPACK_CHOCOLATE;XIRECS;9913.0;1
80300;;;SNACKPACK_PISTACHIO;XIRECS;9666.0;1
80300;;;SNACKPACK_RASPBERRY;XIRECS;10079.0;1
80300;;;SNACKPACK_STRAWBERRY;XIRECS;10731.0;1
80300;;;SNACKPACK_VANILLA;XIRECS;10043.0;1
86800;;;SNACKPACK_CHOCOLATE;XIRECS;9964.0;3
86800;;;SNACKPACK_PISTACHIO;XIRECS;9647.0;3
86800;;;SNACKPACK_RASPBERRY;XIRECS;10083.0;3
86800;;;SNACKPACK_STRAWBERRY;XIRECS;10726.0;3
86800;;;SNACKPACK_VANILLA;XIRECS;9954.0;3
91500;;;SNACKPACK_CHOCOLATE;XIRECS;9974.0;4
91500;;;SNACKPACK_PISTACHIO;XIRECS;9664.0;4
91500;;;SNACKPACK_RASPBERRY;XIRECS;10095.0;4
91500;;;SNACKPACK_STRAWBERRY;XIRECS;10759.0;4
91500;;;SNACKPACK_VANILLA;XIRECS;9994.0;4
92200;;;SNACKPACK_CHOCOLATE;XIRECS;9977.0;3
92200;;;SNACKPACK_PISTACHIO;XIRECS;9661.0;3
92200;;;SNACKPACK_RASPBERRY;XIRECS;10062.0;3
92200;;;SNACKPACK_STRAWBERRY;XIRECS;10767.0;3
92200;;;SNACKPACK_VANILLA;XIRECS;9962.0;3
94700;;;SNACKPACK_CHOCOLATE;XIRECS;9994.0;1
94700;;;SNACKPACK_PISTACHIO;XIRECS;9681.0;1
94700;;;SNACKPACK_RASPBERRY;XIRECS;10055.0;1
94700;;;SNACKPACK_STRAWBERRY;XIRECS;10805.0;1
94700;;;SNACKPACK_VANILLA;XIRECS;9962.0;1
104000;;;SNACKPACK_CHOCOLATE;XIRECS;9969.0;1
104000;;;SNACKPACK_PISTACHIO;XIRECS;9667.0;1
104000;;;SNACKPACK_RASPBERRY;XIRECS;9997.0;1
104000;;;SNACKPACK_STRAWBERRY;XIRECS;10831.0;1
104000;;;SNACKPACK_VANILLA;XIRECS;9931.0;1
104600;;;SNACKPACK_CHOCOLATE;XIRECS;9951.0;1
104600;;;SNACKPACK_PISTACHIO;XIRECS;9672.0;1
104600;;;SNACKPACK_RASPBERRY;XIRECS;9982.0;1
104600;;;SNACKPACK_STRAWBERRY;XIRECS;10847.0;1
104600;;;SNACKPACK_VANILLA;XIRECS;9948.0;1
104900;;;SNACKPACK_CHOCOLATE;XIRECS;9960.0;1
104900;;;SNACKPACK_PISTACHIO;XIRECS;9688.0;1
104900;;;SNACKPACK_RASPBERRY;XIRECS;9998.0;1
104900;;;SNACKPACK_STRAWBERRY;XIRECS;10870.0;1
104900;;;SNACKPACK_VANILLA;XIRECS;9974.0;1
119400;;;SNACKPACK_CHOCOLATE;XIRECS;9908.0;4
119400;;;SNACKPACK_PISTACHIO;XIRECS;9668.0;4
119400;;;SNACKPACK_RASPBERRY;XIRECS;10001.0;4
119400;;;SNACKPACK_STRAWBERRY;XIRECS;10889.0;4
119400;;;SNACKPACK_VANILLA;XIRECS;10032.0;4
121900;;;SNACKPACK_CHOCOLATE;XIRECS;9904.0;4
121900;;;SNACKPACK_PISTACHIO;XIRECS;9668.0;4
121900;;;SNACKPACK_RASPBERRY;XIRECS;9965.0;4
121900;;;SNACKPACK_STRAWBERRY;XIRECS;10906.0;4
121900;;;SNACKPACK_VANILLA;XIRECS;10006.0;4
122300;;;SNACKPACK_CHOCOLATE;XIRECS;9919.0;1
122300;;;SNACKPACK_PISTACHIO;XIRECS;9666.0;1
122300;;;SNACKPACK_RASPBERRY;XIRECS;9972.0;1
122300;;;SNACKPACK_STRAWBERRY;XIRECS;10903.0;1
122300;;;SNACKPACK_VANILLA;XIRECS;9993.0;1
139800;;;SNACKPACK_CHOCOLATE;XIRECS;9934.0;4
139800;;;SNACKPACK_PISTACHIO;XIRECS;9631.0;4
139800;;;SNACKPACK_RASPBERRY;XIRECS;10042.0;4
139800;;;SNACKPACK_STRAWBERRY;XIRECS;10803.0;4
139800;;;SNACKPACK_VANILLA;XIRECS;9975.0;4
151700;;;SNACKPACK_CHOCOLATE;XIRECS;9894.0;3
151700;;;SNACKPACK_PISTACHIO;XIRECS;9619.0;3
151700;;;SNACKPACK_RASPBERRY;XIRECS;10075.0;3
151700;;;SNACKPACK_STRAWBERRY;XIRECS;10825.0;3
151700;;;SNACKPACK_VANILLA;XIRECS;10040.0;3
158600;;;SNACKPACK_CHOCOLATE;XIRECS;9922.0;3
158600;;;SNACKPACK_PISTACHIO;XIRECS;9649.0;3
158600;;;SNACKPACK_RASPBERRY;XIRECS;10023.0;3
158600;;;SNACKPACK_STRAWBERRY;XIRECS;10888.0;3
158600;;;SNACKPACK_VANILLA;XIRECS;10040.0;3
159300;;;SNACKPACK_CHOCOLATE;XIRECS;9923.0;4
159300;;;SNACKPACK_PISTACHIO;XIRECS;9652.0;4
159300;;;SNACKPACK_RASPBERRY;XIRECS;10020.0;4
159300;;;SNACKPACK_STRAWBERRY;XIRECS;10888.0;4
159300;;;SNACKPACK_VANILLA;XIRECS;10035.0;4
161400;;;SNACKPACK_CHOCOLATE;XIRECS;9908.0;2
161400;;;SNACKPACK_PISTACHIO;XIRECS;9667.0;2
161400;;;SNACKPACK_RASPBERRY;XIRECS;9956.0;2
161400;;;SNACKPACK_STRAWBERRY;XIRECS;10918.0;2
161400;;;SNACKPACK_VANILLA;XIRECS;10016.0;2
165900;;;SNACKPACK_CHOCOLATE;XIRECS;9994.0;1
165900;;;SNACKPACK_PISTACHIO;XIRECS;9691.0;1
165900;;;SNACKPACK_RASPBERRY;XIRECS;9945.0;1
165900;;;SNACKPACK_STRAWBERRY;XIRECS;10958.0;1
165900;;;SNACKPACK_VANILLA;XIRECS;9977.0;1
166100;;;SNACKPACK_CHOCOLATE;XIRECS;10006.0;2
166100;;;SNACKPACK_PISTACHIO;XIRECS;9680.0;2
166100;;;SNACKPACK_RASPBERRY;XIRECS;9955.0;2
166100;;;SNACKPACK_STRAWBERRY;XIRECS;10945.0;2
166100;;;SNACKPACK_VANILLA;XIRECS;9970.0;2
167100;;;SNACKPACK_CHOCOLATE;XIRECS;9993.0;4
167100;;;SNACKPACK_PISTACHIO;XIRECS;9673.0;4
167100;;;SNACKPACK_RASPBERRY;XIRECS;9949.0;4
167100;;;SNACKPACK_STRAWBERRY;XIRECS;10941.0;4
167100;;;SNACKPACK_VANILLA;XIRECS;9983.0;4
168800;;;SNACKPACK_CHOCOLATE;XIRECS;10002.0;3
168800;;;SNACKPACK_PISTACHIO;XIRECS;9666.0;3
168800;;;SNACKPACK_RASPBERRY;XIRECS;9918.0;3
168800;;;SNACKPACK_STRAWBERRY;XIRECS;10937.0;3
168800;;;SNACKPACK_VANILLA;XIRECS;9938.0;3
170700;;;SNACKPACK_CHOCOLATE;XIRECS;10033.0;4
170700;;;SNACKPACK_PISTACHIO;XIRECS;9696.0;4
170700;;;SNACKPACK_RASPBERRY;XIRECS;9890.0;4
170700;;;SNACKPACK_STRAWBERRY;XIRECS;10970.0;4
170700;;;SNACKPACK_VANILLA;XIRECS;9905.0;4
171600;;;SNACKPACK_CHOCOLATE;XIRECS;10030.0;1
171600;;;SNACKPACK_PISTACHIO;XIRECS;9719.0;1
171600;;;SNACKPACK_RASPBERRY;XIRECS;9889.0;1
171600;;;SNACKPACK_STRAWBERRY;XIRECS;11018.0;1
171600;;;SNACKPACK_VANILLA;XIRECS;9932.0;1
174100;;;SNACKPACK_CHOCOLATE;XIRECS;9961.0;2
174100;;;SNACKPACK_PISTACHIO;XIRECS;9708.0;2
174100;;;SNACKPACK_RASPBERRY;XIRECS;9898.0;2
174100;;;SNACKPACK_STRAWBERRY;XIRECS;10994.0;2
174100;;;SNACKPACK_VANILLA;XIRECS;9992.0;2
181100;;;SNACKPACK_CHOCOLATE;XIRECS;9961.0;3
181100;;;SNACKPACK_PISTACHIO;XIRECS;9704.0;3
181100;;;SNACKPACK_RASPBERRY;XIRECS;9931.0;3
181100;;;SNACKPACK_STRAWBERRY;XIRECS;10994.0;3
181100;;;SNACKPACK_VANILLA;XIRECS;9988.0;3
182000;;;SNACKPACK_CHOCOLATE;XIRECS;9996.0;1
182000;;;SNACKPACK_PISTACHIO;XIRECS;9700.0;1
182000;;;SNACKPACK_RASPBERRY;XIRECS;9923.0;1
182000;;;SNACKPACK_STRAWBERRY;XIRECS;10998.0;1
182000;;;SNACKPACK_VANILLA;XIRECS;9947.0;1
183600;;;SNACKPACK_CHOCOLATE;XIRECS;10023.0;4
183600;;;SNACKPACK_PISTACHIO;XIRECS;9737.0;4
183600;;;SNACKPACK_RASPBERRY;XIRECS;9882.0;4
183600;;;SNACKPACK_STRAWBERRY;XIRECS;11040.0;4
183600;;;SNACKPACK_VANILLA;XIRECS;9921.0;4
200900;;;SNACKPACK_CHOCOLATE;XIRECS;9971.0;2
200900;;;SNACKPACK_PISTACHIO;XIRECS;9709.0;2
200900;;;SNACKPACK_RASPBERRY;XIRECS;9930.0;2
200900;;;SNACKPACK_STRAWBERRY;XIRECS;10977.0;2
200900;;;SNACKPACK_VANILLA;XIRECS;9965.0;2
206700;;;SNACKPACK_CHOCOLATE;XIRECS;9953.0;2
206700;;;SNACKPACK_PISTACHIO;XIRECS;9690.0;2
206700;;;SNACKPACK_RASPBERRY;XIRECS;9856.0;2
206700;;;SNACKPACK_STRAWBERRY;XIRECS;10988.0;2
206700;;;SNACKPACK_VANILLA;XIRECS;9944.0;2
207900;;;SNACKPACK_CHOCOLATE;XIRECS;9994.0;3
207900;;;SNACKPACK_PISTACHIO;XIRECS;9730.0;3
207900;;;SNACKPACK_RASPBERRY;XIRECS;9854.0;3
207900;;;SNACKPACK_STRAWBERRY;XIRECS;11024.0;3
207900;;;SNACKPACK_VANILLA;XIRECS;9931.0;3
216900;;;SNACKPACK_CHOCOLATE;XIRECS;9956.0;2
216900;;;SNACKPACK_PISTACHIO;XIRECS;9727.0;2
216900;;;SNACKPACK_RASPBERRY;XIRECS;9837.0;2
216900;;;SNACKPACK_STRAWBERRY;XIRECS;11037.0;2
216900;;;SNACKPACK_VANILLA;XIRECS;9931.0;2
224200;;;SNACKPACK_CHOCOLATE;XIRECS;10065.0;1
224200;;;SNACKPACK_PISTACHIO;XIRECS;9709.0;1
224200;;;SNACKPACK_RASPBERRY;XIRECS;9827.0;1
224200;;;SNACKPACK_STRAWBERRY;XIRECS;11031.0;1
224200;;;SNACKPACK_VANILLA;XIRECS;9809.0;1
228100;;;SNACKPACK_CHOCOLATE;XIRECS;10047.0;4
228100;;;SNACKPACK_PISTACHIO;XIRECS;9714.0;4
228100;;;SNACKPACK_RASPBERRY;XIRECS;9875.0;4
228100;;;SNACKPACK_STRAWBERRY;XIRECS;11022.0;4
228100;;;SNACKPACK_VANILLA;XIRECS;9846.0;4
230300;;;SNACKPACK_CHOCOLATE;XIRECS;10050.0;1
230300;;;SNACKPACK_PISTACHIO;XIRECS;9667.0;1
230300;;;SNACKPACK_RASPBERRY;XIRECS;9887.0;1
230300;;;SNACKPACK_STRAWBERRY;XIRECS;10988.0;1
230300;;;SNACKPACK_VANILLA;XIRECS;9816.0;1
230400;;;SNACKPACK_CHOCOLATE;XIRECS;10062.0;4
230400;;;SNACKPACK_PISTACHIO;XIRECS;9665.0;4
230400;;;SNACKPACK_RASPBERRY;XIRECS;9912.0;4
230400;;;SNACKPACK_STRAWBERRY;XIRECS;10984.0;4
230400;;;SNACKPACK_VANILLA;XIRECS;9824.0;4
234600;;;SNACKPACK_CHOCOLATE;XIRECS;10061.0;1
234600;;;SNACKPACK_PISTACHIO;XIRECS;9626.0;1
234600;;;SNACKPACK_RASPBERRY;XIRECS;9930.0;1
234600;;;SNACKPACK_STRAWBERRY;XIRECS;10928.0;1
234600;;;SNACKPACK_VANILLA;XIRECS;9796.0;1
239800;;;SNACKPACK_CHOCOLATE;XIRECS;10068.0;4
239800;;;SNACKPACK_PISTACHIO;XIRECS;9662.0;4
239800;;;SNACKPACK_RASPBERRY;XIRECS;9895.0;4
239800;;;SNACKPACK_STRAWBERRY;XIRECS;10992.0;4
239800;;;SNACKPACK_VANILLA;XIRECS;9845.0;4
248800;;;SNACKPACK_CHOCOLATE;XIRECS;10028.0;2
248800;;;SNACKPACK_PISTACHIO;XIRECS;9684.0;2
248800;;;SNACKPACK_RASPBERRY;XIRECS;9902.0;2
248800;;;SNACKPACK_STRAWBERRY;XIRECS;10986.0;2
248800;;;SNACKPACK_VANILLA;XIRECS;9897.0;2
251100;;;SNACKPACK_CHOCOLATE;XIRECS;10014.0;1
251100;;;SNACKPACK_PISTACHIO;XIRECS;9678.0;1
251100;;;SNACKPACK_RASPBERRY;XIRECS;9901.0;1
251100;;;SNACKPACK_STRAWBERRY;XIRECS;10979.0;1
251100;;;SNACKPACK_VANILLA;XIRECS;9901.0;1
251300;;;SNACKPACK_CHOCOLATE;XIRECS;10002.0;3
251300;;;SNACKPACK_PISTACHIO;XIRECS;9675.0;3
251300;;;SNACKPACK_RASPBERRY;XIRECS;9906.0;3
251300;;;SNACKPACK_STRAWBERRY;XIRECS;10975.0;3
251300;;;SNACKPACK_VANILLA;XIRECS;9911.0;3
254400;;;SNACKPACK_CHOCOLATE;XIRECS;9996.0;1
254400;;;SNACKPACK_PISTACHIO;XIRECS;9638.0;1
254400;;;SNACKPACK_RASPBERRY;XIRECS;9921.0;1
254400;;;SNACKPACK_STRAWBERRY;XIRECS;10917.0;1
254400;;;SNACKPACK_VANILLA;XIRECS;9882.0;1
256300;;;SNACKPACK_CHOCOLATE;XIRECS;10007.0;4
256300;;;SNACKPACK_PISTACHIO;XIRECS;9656.0;4
256300;;;SNACKPACK_RASPBERRY;XIRECS;9895.0;4
256300;;;SNACKPACK_STRAWBERRY;XIRECS;10957.0;4
256300;;;SNACKPACK_VANILLA;XIRECS;9868.0;4
256800;;;SNACKPACK_CHOCOLATE;XIRECS;10040.0;4
256800;;;SNACKPACK_PISTACHIO;XIRECS;9685.0;4
256800;;;SNACKPACK_RASPBERRY;XIRECS;9893.0;4
256800;;;SNACKPACK_STRAWBERRY;XIRECS;10992.0;4
256800;;;SNACKPACK_VANILLA;XIRECS;9871.0;4
259300;;;SNACKPACK_CHOCOLATE;XIRECS;10062.0;1
259300;;;SNACKPACK_PISTACHIO;XIRECS;9698.0;1
259300;;;SNACKPACK_RASPBERRY;XIRECS;9820.0;1
259300;;;SNACKPACK_STRAWBERRY;XIRECS;11048.0;1
259300;;;SNACKPACK_VANILLA;XIRECS;9865.0;1
263500;;;SNACKPACK_CHOCOLATE;XIRECS;10080.0;4
263500;;;SNACKPACK_PISTACHIO;XIRECS;9672.0;4
263500;;;SNACKPACK_RASPBERRY;XIRECS;9808.0;4
263500;;;SNACKPACK_STRAWBERRY;XIRECS;11041.0;4
263500;;;SNACKPACK_VANILLA;XIRECS;9817.0;4
265200;;;SNACKPACK_CHOCOLATE;XIRECS;10094.0;4
265200;;;SNACKPACK_PISTACHIO;XIRECS;9685.0;4
265200;;;SNACKPACK_RASPBERRY;XIRECS;9776.0;4
265200;;;SNACKPACK_STRAWBERRY;XIRECS;11079.0;4
265200;;;SNACKPACK_VANILLA;XIRECS;9803.0;4
266500;;;SNACKPACK_CHOCOLATE;XIRECS;10103.0;4
266500;;;SNACKPACK_PISTACHIO;XIRECS;9680.0;4
266500;;;SNACKPACK_RASPBERRY;XIRECS;9779.0;4
266500;;;SNACKPACK_STRAWBERRY;XIRECS;11066.0;4
266500;;;SNACKPACK_VANILLA;XIRECS;9797.0;4
270700;;;SNACKPACK_CHOCOLATE;XIRECS;10182.0;2
270700;;;SNACKPACK_PISTACHIO;XIRECS;9669.0;2
270700;;;SNACKPACK_RASPBERRY;XIRECS;9864.0;2
270700;;;SNACKPACK_STRAWBERRY;XIRECS;11043.0;2
270700;;;SNACKPACK_VANILLA;XIRECS;9745.0;2
288000;;;SNACKPACK_CHOCOLATE;XIRECS;10029.0;2
288000;;;SNACKPACK_PISTACHIO;XIRECS;9636.0;2
288000;;;SNACKPACK_RASPBERRY;XIRECS;9915.0;2
288000;;;SNACKPACK_STRAWBERRY;XIRECS;11016.0;2
288000;;;SNACKPACK_VANILLA;XIRECS;9923.0;2
291200;;;SNACKPACK_CHOCOLATE;XIRECS;9988.0;2
291200;;;SNACKPACK_PISTACHIO;XIRECS;9670.0;2
291200;;;SNACKPACK_RASPBERRY;XIRECS;9850.0;2
291200;;;SNACKPACK_STRAWBERRY;XIRECS;11086.0;2
291200;;;SNACKPACK_VANILLA;XIRECS;9969.0;2
302000;;;SNACKPACK_CHOCOLATE;XIRECS;9965.0;3
302000;;;SNACKPACK_PISTACHIO;XIRECS;9631.0;3
302000;;;SNACKPACK_RASPBERRY;XIRECS;9941.0;3
302000;;;SNACKPACK_STRAWBERRY;XIRECS;11025.0;3
302000;;;SNACKPACK_VANILLA;XIRECS;10014.0;3
311700;;;SNACKPACK_CHOCOLATE;XIRECS;9958.0;4
311700;;;SNACKPACK_PISTACHIO;XIRECS;9680.0;4
311700;;;SNACKPACK_RASPBERRY;XIRECS;9802.0;4
311700;;;SNACKPACK_STRAWBERRY;XIRECS;11164.0;4
311700;;;SNACKPACK_VANILLA;XIRECS;10012.0;4
312000;;;SNACKPACK_CHOCOLATE;XIRECS;9955.0;3
312000;;;SNACKPACK_PISTACHIO;XIRECS;9666.0;3
312000;;;SNACKPACK_RASPBERRY;XIRECS;9792.0;3
312000;;;SNACKPACK_STRAWBERRY;XIRECS;11143.0;3
312000;;;SNACKPACK_VANILLA;XIRECS;9979.0;3
323100;;;SNACKPACK_CHOCOLATE;XIRECS;9997.0;4
323100;;;SNACKPACK_PISTACHIO;XIRECS;9701.0;4
323100;;;SNACKPACK_RASPBERRY;XIRECS;9723.0;4
323100;;;SNACKPACK_STRAWBERRY;XIRECS;11196.0;4
323100;;;SNACKPACK_VANILLA;XIRECS;9938.0;4
333300;;;SNACKPACK_CHOCOLATE;XIRECS;9963.0;3
333300;;;SNACKPACK_PISTACHIO;XIRECS;9624.0;3
333300;;;SNACKPACK_RASPBERRY;XIRECS;9866.0;3
333300;;;SNACKPACK_STRAWBERRY;XIRECS;11070.0;3
333300;;;SNACKPACK_VANILLA;XIRECS;10021.0;3
333900;;;SNACKPACK_CHOCOLATE;XIRECS;9960.0;2
333900;;;SNACKPACK_PISTACHIO;XIRECS;9627.0;2
333900;;;SNACKPACK_RASPBERRY;XIRECS;9850.0;2
333900;;;SNACKPACK_STRAWBERRY;XIRECS;11077.0;2
333900;;;SNACKPACK_VANILLA;XIRECS;10017.0;2
338900;;;SNACKPACK_CHOCOLATE;XIRECS;9901.0;4
338900;;;SNACKPACK_PISTACHIO;XIRECS;9548.0;4
338900;;;SNACKPACK_RASPBERRY;XIRECS;9941.0;4
338900;;;SNACKPACK_STRAWBERRY;XIRECS;10963.0;4
338900;;;SNACKPACK_VANILLA;XIRECS;10040.0;4
339700;;;SNACKPACK_CHOCOLATE;XIRECS;9890.0;2
339700;;;SNACKPACK_PISTACHIO;XIRECS;9587.0;2
339700;;;SNACKPACK_RASPBERRY;XIRECS;9932.0;2
339700;;;SNACKPACK_STRAWBERRY;XIRECS;11017.0;2
339700;;;SNACKPACK_VANILLA;XIRECS;10086.0;2
350000;;;SNACKPACK_CHOCOLATE;XIRECS;9889.0;2
350000;;;SNACKPACK_PISTACHIO;XIRECS;9544.0;2
350000;;;SNACKPACK_RASPBERRY;XIRECS;9993.0;2
350000;;;SNACKPACK_STRAWBERRY;XIRECS;10910.0;2
350000;;;SNACKPACK_VANILLA;XIRECS;10044.0;2
350500;;;SNACKPACK_CHOCOLATE;XIRECS;9898.0;4
350500;;;SNACKPACK_PISTACHIO;XIRECS;9556.0;4
350500;;;SNACKPACK_RASPBERRY;XIRECS;9974.0;4
350500;;;SNACKPACK_STRAWBERRY;XIRECS;10928.0;4
350500;;;SNACKPACK_VANILLA;XIRECS;10034.0;4
355000;;;SNACKPACK_CHOCOLATE;XIRECS;9842.0;1
355000;;;SNACKPACK_PISTACHIO;XIRECS;9564.0;1
355000;;;SNACKPACK_RASPBERRY;XIRECS;10015.0;1
355000;;;SNACKPACK_STRAWBERRY;XIRECS;10921.0;1
355000;;;SNACKPACK_VANILLA;XIRECS;10110.0;1
355600;;;SNACKPACK_CHOCOLATE;XIRECS;9843.0;4
355600;;;SNACKPACK_PISTACHIO;XIRECS;9551.0;4
355600;;;SNACKPACK_RASPBERRY;XIRECS;10031.0;4
355600;;;SNACKPACK_STRAWBERRY;XIRECS;10899.0;4
355600;;;SNACKPACK_VANILLA;XIRECS;10109.0;4
355800;;;SNACKPACK_CHOCOLATE;XIRECS;9831.0;1
355800;;;SNACKPACK_PISTACHIO;XIRECS;9533.0;1
355800;;;SNACKPACK_RASPBERRY;XIRECS;10012.0;1
355800;;;SNACKPACK_STRAWBERRY;XIRECS;10881.0;1
355800;;;SNACKPACK_VANILLA;XIRECS;10088.0;1
358500;;;SNACKPACK_CHOCOLATE;XIRECS;9872.0;4
358500;;;SNACKPACK_PISTACHIO;XIRECS;9513.0;4
358500;;;SNACKPACK_RASPBERRY;XIRECS;10058.0;4
358500;;;SNACKPACK_STRAWBERRY;XIRECS;10842.0;4
358500;;;SNACKPACK_VANILLA;XIRECS;10045.0;4
360000;;;SNACKPACK_CHOCOLATE;XIRECS;9836.0;4
360000;;;SNACKPACK_PISTACHIO;XIRECS;9466.0;4
360000;;;SNACKPACK_RASPBERRY;XIRECS;10139.0;4
360000;;;SNACKPACK_STRAWBERRY;XIRECS;10785.0;4
360000;;;SNACKPACK_VANILLA;XIRECS;10078.0;4
362400;;;SNACKPACK_CHOCOLATE;XIRECS;9873.0;2
362400;;;SNACKPACK_PISTACHIO;XIRECS;9450.0;2
362400;;;SNACKPACK_RASPBERRY;XIRECS;10155.0;2
362400;;;SNACKPACK_STRAWBERRY;XIRECS;10748.0;2
362400;;;SNACKPACK_VANILLA;XIRECS;10040.0;2
363600;;;SNACKPACK_CHOCOLATE;XIRECS;9893.0;1
363600;;;SNACKPACK_PISTACHIO;XIRECS;9463.0;1
363600;;;SNACKPACK_RASPBERRY;XIRECS;10170.0;1
363600;;;SNACKPACK_STRAWBERRY;XIRECS;10763.0;1
363600;;;SNACKPACK_VANILLA;XIRECS;10060.0;1
368700;;;SNACKPACK_CHOCOLATE;XIRECS;9875.0;3
368700;;;SNACKPACK_PISTACHIO;XIRECS;9442.0;3
368700;;;SNACKPACK_RASPBERRY;XIRECS;10172.0;3
368700;;;SNACKPACK_STRAWBERRY;XIRECS;10736.0;3
368700;;;SNACKPACK_VANILLA;XIRECS;10047.0;3
369900;;;SNACKPACK_CHOCOLATE;XIRECS;9875.0;4
369900;;;SNACKPACK_PISTACHIO;XIRECS;9436.0;4
369900;;;SNACKPACK_RASPBERRY;XIRECS;10185.0;4
369900;;;SNACKPACK_STRAWBERRY;XIRECS;10727.0;4
369900;;;SNACKPACK_VANILLA;XIRECS;10052.0;4
377800;;;SNACKPACK_CHOCOLATE;XIRECS;9910.0;3
377800;;;SNACKPACK_PISTACHIO;XIRECS;9414.0;3
377800;;;SNACKPACK_RASPBERRY;XIRECS;10232.0;3
377800;;;SNACKPACK_STRAWBERRY;XIRECS;10687.0;3
377800;;;SNACKPACK_VANILLA;XIRECS;10018.0;3
380200;;;SNACKPACK_CHOCOLATE;XIRECS;9915.0;2
380200;;;SNACKPACK_PISTACHIO;XIRECS;9375.0;2
380200;;;SNACKPACK_RASPBERRY;XIRECS;10281.0;2
380200;;;SNACKPACK_STRAWBERRY;XIRECS;10642.0;2
380200;;;SNACKPACK_VANILLA;XIRECS;10023.0;2
380400;;;SNACKPACK_CHOCOLATE;XIRECS;9934.0;1
380400;;;SNACKPACK_PISTACHIO;XIRECS;9379.0;1
380400;;;SNACKPACK_RASPBERRY;XIRECS;10297.0;1
380400;;;SNACKPACK_STRAWBERRY;XIRECS;10641.0;1
380400;;;SNACKPACK_VANILLA;XIRECS;10024.0;1
380500;;;SNACKPACK_CHOCOLATE;XIRECS;9938.0;3
380500;;;SNACKPACK_PISTACHIO;XIRECS;9387.0;3
380500;;;SNACKPACK_RASPBERRY;XIRECS;10286.0;3
380500;;;SNACKPACK_STRAWBERRY;XIRECS;10653.0;3
380500;;;SNACKPACK_VANILLA;XIRECS;10021.0;3
382900;;;SNACKPACK_CHOCOLATE;XIRECS;9984.0;3
382900;;;SNACKPACK_PISTACHIO;XIRECS;9361.0;3
382900;;;SNACKPACK_RASPBERRY;XIRECS;10304.0;3
382900;;;SNACKPACK_STRAWBERRY;XIRECS;10609.0;3
382900;;;SNACKPACK_VANILLA;XIRECS;9939.0;3
383300;;;SNACKPACK_CHOCOLATE;XIRECS;10022.0;3
383300;;;SNACKPACK_PISTACHIO;XIRECS;9375.0;3
383300;;;SNACKPACK_RASPBERRY;XIRECS;10313.0;3
383300;;;SNACKPACK_STRAWBERRY;XIRECS;10633.0;3
383300;;;SNACKPACK_VANILLA;XIRECS;9934.0;3
390000;;;SNACKPACK_CHOCOLATE;XIRECS;10014.0;3
390000;;;SNACKPACK_PISTACHIO;XIRECS;9446.0;3
390000;;;SNACKPACK_RASPBERRY;XIRECS;10285.0;3
390000;;;SNACKPACK_STRAWBERRY;XIRECS;10703.0;3
390000;;;SNACKPACK_VANILLA;XIRECS;9933.0;3
395800;;;SNACKPACK_CHOCOLATE;XIRECS;10025.0;2
395800;;;SNACKPACK_PISTACHIO;XIRECS;9502.0;2
395800;;;SNACKPACK_RASPBERRY;XIRECS;10133.0;2
395800;;;SNACKPACK_STRAWBERRY;XIRECS;10814.0;2
395800;;;SNACKPACK_VANILLA;XIRECS;9889.0;2
396000;;;SNACKPACK_CHOCOLATE;XIRECS;10010.0;3
396000;;;SNACKPACK_PISTACHIO;XIRECS;9508.0;3
396000;;;SNACKPACK_RASPBERRY;XIRECS;10131.0;3
396000;;;SNACKPACK_STRAWBERRY;XIRECS;10818.0;3
396000;;;SNACKPACK_VANILLA;XIRECS;9904.0;3
402100;;;SNACKPACK_CHOCOLATE;XIRECS;10037.0;4
402100;;;SNACKPACK_PISTACHIO;XIRECS;9555.0;4
402100;;;SNACKPACK_RASPBERRY;XIRECS;10121.0;4
402100;;;SNACKPACK_STRAWBERRY;XIRECS;10873.0;4
402100;;;SNACKPACK_VANILLA;XIRECS;9914.0;4
411900;;;SNACKPACK_CHOCOLATE;XIRECS;10039.0;3
411900;;;SNACKPACK_PISTACHIO;XIRECS;9490.0;3
411900;;;SNACKPACK_RASPBERRY;XIRECS;10246.0;3
411900;;;SNACKPACK_STRAWBERRY;XIRECS;10752.0;3
411900;;;SNACKPACK_VANILLA;XIRECS;9903.0;3
416100;;;SNACKPACK_CHOCOLATE;XIRECS;10013.0;2
416100;;;SNACKPACK_PISTACHIO;XIRECS;9492.0;2
416100;;;SNACKPACK_RASPBERRY;XIRECS;10224.0;2
416100;;;SNACKPACK_STRAWBERRY;XIRECS;10750.0;2
416100;;;SNACKPACK_VANILLA;XIRECS;9901.0;2
430700;;;SNACKPACK_CHOCOLATE;XIRECS;9994.0;1
430700;;;SNACKPACK_PISTACHIO;XIRECS;9505.0;1
430700;;;SNACKPACK_RASPBERRY;XIRECS;10198.0;1
430700;;;SNACKPACK_STRAWBERRY;XIRECS;10807.0;1
430700;;;SNACKPACK_VANILLA;XIRECS;9976.0;1
434600;;;SNACKPACK_CHOCOLATE;XIRECS;9980.0;3
434600;;;SNACKPACK_PISTACHIO;XIRECS;9478.0;3
434600;;;SNACKPACK_RASPBERRY;XIRECS;10214.0;3
434600;;;SNACKPACK_STRAWBERRY;XIRECS;10760.0;3
434600;;;SNACKPACK_VANILLA;XIRECS;9957.0;3
438200;;;SNACKPACK_CHOCOLATE;XIRECS;9992.0;3
438200;;;SNACKPACK_PISTACHIO;XIRECS;9460.0;3
438200;;;SNACKPACK_RASPBERRY;XIRECS;10299.0;3
438200;;;SNACKPACK_STRAWBERRY;XIRECS;10719.0;3
438200;;;SNACKPACK_VANILLA;XIRECS;9978.0;3
446800;;;SNACKPACK_CHOCOLATE;XIRECS;10024.0;3
446800;;;SNACKPACK_PISTACHIO;XIRECS;9439.0;3
446800;;;SNACKPACK_RASPBERRY;XIRECS;10246.0;3
446800;;;SNACKPACK_STRAWBERRY;XIRECS;10728.0;3
446800;;;SNACKPACK_VANILLA;XIRECS;9923.0;3
447900;;;SNACKPACK_CHOCOLATE;XIRECS;10007.0;2
447900;;;SNACKPACK_PISTACHIO;XIRECS;9461.0;2
447900;;;SNACKPACK_RASPBERRY;XIRECS;10211.0;2
447900;;;SNACKPACK_STRAWBERRY;XIRECS;10754.0;2
447900;;;SNACKPACK_VANILLA;XIRECS;9946.0;2
450900;;;SNACKPACK_CHOCOLATE;XIRECS;10035.0;3
450900;;;SNACKPACK_PISTACHIO;XIRECS;9432.0;3
450900;;;SNACKPACK_RASPBERRY;XIRECS;10255.0;3
450900;;;SNACKPACK_STRAWBERRY;XIRECS;10714.0;3
450900;;;SNACKPACK_VANILLA;XIRECS;9919.0;3
458600;;;SNACKPACK_CHOCOLATE;XIRECS;10074.0;3
458600;;;SNACKPACK_PISTACHIO;XIRECS;9428.0;3
458600;;;SNACKPACK_RASPBERRY;XIRECS;10253.0;3
458600;;;SNACKPACK_STRAWBERRY;XIRECS;10714.0;3
458600;;;SNACKPACK_VANILLA;XIRECS;9884.0;3
459400;;;SNACKPACK_CHOCOLATE;XIRECS;10085.0;2
459400;;;SNACKPACK_PISTACHIO;XIRECS;9425.0;2
459400;;;SNACKPACK_RASPBERRY;XIRECS;10240.0;2
459400;;;SNACKPACK_STRAWBERRY;XIRECS;10706.0;2
459400;;;SNACKPACK_VANILLA;XIRECS;9882.0;2
461000;;;SNACKPACK_CHOCOLATE;XIRECS;10069.0;2
461000;;;SNACKPACK_PISTACHIO;XIRECS;9455.0;2
461000;;;SNACKPACK_RASPBERRY;XIRECS;10255.0;2
461000;;;SNACKPACK_STRAWBERRY;XIRECS;10727.0;2
461000;;;SNACKPACK_VANILLA;XIRECS;9944.0;2
468600;;;SNACKPACK_CHOCOLATE;XIRECS;10117.0;2
468600;;;SNACKPACK_PISTACHIO;XIRECS;9507.0;2
468600;;;SNACKPACK_RASPBERRY;XIRECS;10150.0;2
468600;;;SNACKPACK_STRAWBERRY;XIRECS;10781.0;2
468600;;;SNACKPACK_VANILLA;XIRECS;9860.0;2
474800;;;SNACKPACK_CHOCOLATE;XIRECS;10106.0;1
474800;;;SNACKPACK_PISTACHIO;XIRECS;9501.0;1
474800;;;SNACKPACK_RASPBERRY;XIRECS;10196.0;1
474800;;;SNACKPACK_STRAWBERRY;XIRECS;10744.0;1
474800;;;SNACKPACK_VANILLA;XIRECS;9913.0;1
483500;;;SNACKPACK_CHOCOLATE;XIRECS;10239.0;4
483500;;;SNACKPACK_PISTACHIO;XIRECS;9389.0;4
483500;;;SNACKPACK_RASPBERRY;XIRECS;10285.0;4
483500;;;SNACKPACK_STRAWBERRY;XIRECS;10573.0;4
483500;;;SNACKPACK_VANILLA;XIRECS;9731.0;4
488100;;;SNACKPACK_CHOCOLATE;XIRECS;10252.0;4
488100;;;SNACKPACK_PISTACHIO;XIRECS;9445.0;4
488100;;;SNACKPACK_RASPBERRY;XIRECS;10282.0;4
488100;;;SNACKPACK_STRAWBERRY;XIRECS;10610.0;4
488100;;;SNACKPACK_VANILLA;XIRECS;9753.0;4
490100;;;SNACKPACK_CHOCOLATE;XIRECS;10236.0;1
490100;;;SNACKPACK_PISTACHIO;XIRECS;9436.0;1
490100;;;SNACKPACK_RASPBERRY;XIRECS;10248.0;1
490100;;;SNACKPACK_STRAWBERRY;XIRECS;10604.0;1
490100;;;SNACKPACK_VANILLA;XIRECS;9732.0;1
496100;;;SNACKPACK_CHOCOLATE;XIRECS;10249.0;3
496100;;;SNACKPACK_PISTACHIO;XIRECS;9458.0;3
496100;;;SNACKPACK_RASPBERRY;XIRECS;10206.0;3
496100;;;SNACKPACK_STRAWBERRY;XIRECS;10648.0;3
496100;;;SNACKPACK_VANILLA;XIRECS;9708.0;3
499900;;;SNACKPACK_CHOCOLATE;XIRECS;10252.0;1
499900;;;SNACKPACK_PISTACHIO;XIRECS;9429.0;1
499900;;;SNACKPACK_RASPBERRY;XIRECS;10300.0;1
499900;;;SNACKPACK_STRAWBERRY;XIRECS;10584.0;1
499900;;;SNACKPACK_VANILLA;XIRECS;9731.0;1
500200;;;SNACKPACK_CHOCOLATE;XIRECS;10260.0;1
500200;;;SNACKPACK_PISTACHIO;XIRECS;9431.0;1
500200;;;SNACKPACK_RASPBERRY;XIRECS;10298.0;1
500200;;;SNACKPACK_STRAWBERRY;XIRECS;10588.0;1
500200;;;SNACKPACK_VANILLA;XIRECS;9721.0;1
507700;;;SNACKPACK_CHOCOLATE;XIRECS;10156.0;3
507700;;;SNACKPACK_PISTACHIO;XIRECS;9466.0;3
507700;;;SNACKPACK_RASPBERRY;XIRECS;10200.0;3
507700;;;SNACKPACK_STRAWBERRY;XIRECS;10637.0;3
507700;;;SNACKPACK_VANILLA;XIRECS;9765.0;3
511700;;;SNACKPACK_CHOCOLATE;XIRECS;10157.0;4
511700;;;SNACKPACK_PISTACHIO;XIRECS;9489.0;4
511700;;;SNACKPACK_RASPBERRY;XIRECS;10181.0;4
511700;;;SNACKPACK_STRAWBERRY;XIRECS;10658.0;4
511700;;;SNACKPACK_VANILLA;XIRECS;9793.0;4
512300;;;SNACKPACK_CHOCOLATE;XIRECS;10174.0;3
512300;;;SNACKPACK_PISTACHIO;XIRECS;9486.0;3
512300;;;SNACKPACK_RASPBERRY;XIRECS;10198.0;3
512300;;;SNACKPACK_STRAWBERRY;XIRECS;10644.0;3
512300;;;SNACKPACK_VANILLA;XIRECS;9778.0;3
514100;;;SNACKPACK_CHOCOLATE;XIRECS;10120.0;2
514100;;;SNACKPACK_PISTACHIO;XIRECS;9501.0;2
514100;;;SNACKPACK_RASPBERRY;XIRECS;10135.0;2
514100;;;SNACKPACK_STRAWBERRY;XIRECS;10680.0;2
514100;;;SNACKPACK_VANILLA;XIRECS;9792.0;2
514900;;;SNACKPACK_CHOCOLATE;XIRECS;10114.0;1
514900;;;SNACKPACK_PISTACHIO;XIRECS;9517.0;1
514900;;;SNACKPACK_RASPBERRY;XIRECS;10169.0;1
514900;;;SNACKPACK_STRAWBERRY;XIRECS;10690.0;1
514900;;;SNACKPACK_VANILLA;XIRECS;9828.0;1
523300;;;SNACKPACK_CHOCOLATE;XIRECS;10128.0;3
523300;;;SNACKPACK_PISTACHIO;XIRECS;9547.0;3
523300;;;SNACKPACK_RASPBERRY;XIRECS;10103.0;3
523300;;;SNACKPACK_STRAWBERRY;XIRECS;10753.0;3
523300;;;SNACKPACK_VANILLA;XIRECS;9798.0;3
529000;;;SNACKPACK_CHOCOLATE;XIRECS;10139.0;4
529000;;;SNACKPACK_PISTACHIO;XIRECS;9511.0;4
529000;;;SNACKPACK_RASPBERRY;XIRECS;10170.0;4
529000;;;SNACKPACK_STRAWBERRY;XIRECS;10667.0;4
529000;;;SNACKPACK_VANILLA;XIRECS;9774.0;4
529900;;;SNACKPACK_CHOCOLATE;XIRECS;10151.0;1
529900;;;SNACKPACK_PISTACHIO;XIRECS;9542.0;1
529900;;;SNACKPACK_RASPBERRY;XIRECS;10141.0;1
529900;;;SNACKPACK_STRAWBERRY;XIRECS;10697.0;1
529900;;;SNACKPACK_VANILLA;XIRECS;9759.0;1
531500;;;SNACKPACK_CHOCOLATE;XIRECS;10189.0;1
531500;;;SNACKPACK_PISTACHIO;XIRECS;9575.0;1
531500;;;SNACKPACK_RASPBERRY;XIRECS;10097.0;1
531500;;;SNACKPACK_STRAWBERRY;XIRECS;10742.0;1
531500;;;SNACKPACK_VANILLA;XIRECS;9718.0;1
534200;;;SNACKPACK_CHOCOLATE;XIRECS;10168.0;2
534200;;;SNACKPACK_PISTACHIO;XIRECS;9594.0;2
534200;;;SNACKPACK_RASPBERRY;XIRECS;10087.0;2
534200;;;SNACKPACK_STRAWBERRY;XIRECS;10748.0;2
534200;;;SNACKPACK_VANILLA;XIRECS;9738.0;2
537200;;;SNACKPACK_CHOCOLATE;XIRECS;10145.0;3
537200;;;SNACKPACK_PISTACHIO;XIRECS;9602.0;3
537200;;;SNACKPACK_RASPBERRY;XIRECS;10057.0;3
537200;;;SNACKPACK_STRAWBERRY;XIRECS;10782.0;3
537200;;;SNACKPACK_VANILLA;XIRECS;9759.0;3
537700;;;SNACKPACK_CHOCOLATE;XIRECS;10138.0;1
537700;;;SNACKPACK_PISTACHIO;XIRECS;9612.0;1
537700;;;SNACKPACK_RASPBERRY;XIRECS;10045.0;1
537700;;;SNACKPACK_STRAWBERRY;XIRECS;10799.0;1
537700;;;SNACKPACK_VANILLA;XIRECS;9769.0;1
545700;;;SNACKPACK_CHOCOLATE;XIRECS;9980.0;2
545700;;;SNACKPACK_PISTACHIO;XIRECS;9561.0;2
545700;;;SNACKPACK_RASPBERRY;XIRECS;10084.0;2
545700;;;SNACKPACK_STRAWBERRY;XIRECS;10748.0;2
545700;;;SNACKPACK_VANILLA;XIRECS;9889.0;2
549700;;;SNACKPACK_CHOCOLATE;XIRECS;9941.0;2
549700;;;SNACKPACK_PISTACHIO;XIRECS;9558.0;2
549700;;;SNACKPACK_RASPBERRY;XIRECS;10140.0;2
549700;;;SNACKPACK_STRAWBERRY;XIRECS;10732.0;2
549700;;;SNACKPACK_VANILLA;XIRECS;9964.0;2
555700;;;SNACKPACK_CHOCOLATE;XIRECS;9905.0;3
555700;;;SNACKPACK_PISTACHIO;XIRECS;9569.0;3
555700;;;SNACKPACK_RASPBERRY;XIRECS;10110.0;3
555700;;;SNACKPACK_STRAWBERRY;XIRECS;10733.0;3
555700;;;SNACKPACK_VANILLA;XIRECS;9976.0;3
558400;;;SNACKPACK_CHOCOLATE;XIRECS;9898.0;1
558400;;;SNACKPACK_PISTACHIO;XIRECS;9565.0;1
558400;;;SNACKPACK_RASPBERRY;XIRECS;10125.0;1
558400;;;SNACKPACK_STRAWBERRY;XIRECS;10743.0;1
558400;;;SNACKPACK_VANILLA;XIRECS;9989.0;1
562000;;;SNACKPACK_CHOCOLATE;XIRECS;9933.0;1
562000;;;SNACKPACK_PISTACHIO;XIRECS;9552.0;1
562000;;;SNACKPACK_RASPBERRY;XIRECS;10187.0;1
562000;;;SNACKPACK_STRAWBERRY;XIRECS;10725.0;1
562000;;;SNACKPACK_VANILLA;XIRECS;9981.0;1
564900;;;SNACKPACK_CHOCOLATE;XIRECS;9929.0;3
564900;;;SNACKPACK_PISTACHIO;XIRECS;9524.0;3
564900;;;SNACKPACK_RASPBERRY;XIRECS;10172.0;3
564900;;;SNACKPACK_STRAWBERRY;XIRECS;10713.0;3
564900;;;SNACKPACK_VANILLA;XIRECS;9953.0;3
582400;;;SNACKPACK_CHOCOLATE;XIRECS;9825.0;3
582400;;;SNACKPACK_PISTACHIO;XIRECS;9403.0;3
582400;;;SNACKPACK_RASPBERRY;XIRECS;10394.0;3
582400;;;SNACKPACK_STRAWBERRY;XIRECS;10556.0;3
582400;;;SNACKPACK_VANILLA;XIRECS;10071.0;3
585000;;;SNACKPACK_CHOCOLATE;XIRECS;9807.0;1
585000;;;SNACKPACK_PISTACHIO;XIRECS;9402.0;1
585000;;;SNACKPACK_RASPBERRY;XIRECS;10382.0;1
585000;;;SNACKPACK_STRAWBERRY;XIRECS;10554.0;1
585000;;;SNACKPACK_VANILLA;XIRECS;10101.0;1
586400;;;SNACKPACK_CHOCOLATE;XIRECS;9833.0;4
586400;;;SNACKPACK_PISTACHIO;XIRECS;9389.0;4
586400;;;SNACKPACK_RASPBERRY;XIRECS;10401.0;4
586400;;;SNACKPACK_STRAWBERRY;XIRECS;10534.0;4
586400;;;SNACKPACK_VANILLA;XIRECS;10081.0;4
587900;;;SNACKPACK_CHOCOLATE;XIRECS;9870.0;3
587900;;;SNACKPACK_PISTACHIO;XIRECS;9371.0;3
587900;;;SNACKPACK_RASPBERRY;XIRECS;10418.0;3
587900;;;SNACKPACK_STRAWBERRY;XIRECS;10523.0;3
587900;;;SNACKPACK_VANILLA;XIRECS;10041.0;3
588000;;;SNACKPACK_CHOCOLATE;XIRECS;9851.0;2
588000;;;SNACKPACK_PISTACHIO;XIRECS;9365.0;2
588000;;;SNACKPACK_RASPBERRY;XIRECS;10389.0;2
588000;;;SNACKPACK_STRAWBERRY;XIRECS;10514.0;2
588000;;;SNACKPACK_VANILLA;XIRECS;10025.0;2
590100;;;SNACKPACK_CHOCOLATE;XIRECS;9866.0;3
590100;;;SNACKPACK_PISTACHIO;XIRECS;9392.0;3
590100;;;SNACKPACK_RASPBERRY;XIRECS;10375.0;3
590100;;;SNACKPACK_STRAWBERRY;XIRECS;10566.0;3
590100;;;SNACKPACK_VANILLA;XIRECS;10044.0;3
593600;;;SNACKPACK_CHOCOLATE;XIRECS;9943.0;3
593600;;;SNACKPACK_PISTACHIO;XIRECS;9379.0;3
593600;;;SNACKPACK_RASPBERRY;XIRECS;10333.0;3
593600;;;SNACKPACK_STRAWBERRY;XIRECS;10608.0;3
593600;;;SNACKPACK_VANILLA;XIRECS;9969.0;3
596600;;;SNACKPACK_CHOCOLATE;XIRECS;9935.0;2
596600;;;SNACKPACK_PISTACHIO;XIRECS;9378.0;2
596600;;;SNACKPACK_RASPBERRY;XIRECS;10264.0;2
596600;;;SNACKPACK_STRAWBERRY;XIRECS;10628.0;2
596600;;;SNACKPACK_VANILLA;XIRECS;9938.0;2
599800;;;SNACKPACK_CHOCOLATE;XIRECS;9900.0;2
599800;;;SNACKPACK_PISTACHIO;XIRECS;9379.0;2
599800;;;SNACKPACK_RASPBERRY;XIRECS;10272.0;2
599800;;;SNACKPACK_STRAWBERRY;XIRECS;10648.0;2
599800;;;SNACKPACK_VANILLA;XIRECS;9991.0;2
602900;;;SNACKPACK_CHOCOLATE;XIRECS;9901.0;1
602900;;;SNACKPACK_PISTACHIO;XIRECS;9372.0;1
602900;;;SNACKPACK_RASPBERRY;XIRECS;10276.0;1
602900;;;SNACKPACK_STRAWBERRY;XIRECS;10646.0;1
602900;;;SNACKPACK_VANILLA;XIRECS;9985.0;1
606700;;;SNACKPACK_CHOCOLATE;XIRECS;9937.0;2
606700;;;SNACKPACK_PISTACHIO;XIRECS;9374.0;2
606700;;;SNACKPACK_RASPBERRY;XIRECS;10234.0;2
606700;;;SNACKPACK_STRAWBERRY;XIRECS;10677.0;2
606700;;;SNACKPACK_VANILLA;XIRECS;9930.0;2
610600;;;SNACKPACK_CHOCOLATE;XIRECS;9856.0;4
610600;;;SNACKPACK_PISTACHIO;XIRECS;9311.0;4
610600;;;SNACKPACK_RASPBERRY;XIRECS;10341.0;4
610600;;;SNACKPACK_STRAWBERRY;XIRECS;10576.0;4
610600;;;SNACKPACK_VANILLA;XIRECS;10005.0;4
611900;;;SNACKPACK_CHOCOLATE;XIRECS;9828.0;2
611900;;;SNACKPACK_PISTACHIO;XIRECS;9332.0;2
611900;;;SNACKPACK_RASPBERRY;XIRECS;10309.0;2
611900;;;SNACKPACK_STRAWBERRY;XIRECS;10610.0;2
611900;;;SNACKPACK_VANILLA;XIRECS;10032.0;2
613200;;;SNACKPACK_CHOCOLATE;XIRECS;9820.0;2
613200;;;SNACKPACK_PISTACHIO;XIRECS;9324.0;2
613200;;;SNACKPACK_RASPBERRY;XIRECS;10312.0;2
613200;;;SNACKPACK_STRAWBERRY;XIRECS;10601.0;2
613200;;;SNACKPACK_VANILLA;XIRECS;10038.0;2
622800;;;SNACKPACK_CHOCOLATE;XIRECS;9688.0;1
622800;;;SNACKPACK_PISTACHIO;XIRECS;9387.0;1
622800;;;SNACKPACK_RASPBERRY;XIRECS;10210.0;1
622800;;;SNACKPACK_STRAWBERRY;XIRECS;10738.0;1
622800;;;SNACKPACK_VANILLA;XIRECS;10214.0;1
627900;;;SNACKPACK_CHOCOLATE;XIRECS;9642.0;4
627900;;;SNACKPACK_PISTACHIO;XIRECS;9386.0;4
627900;;;SNACKPACK_RASPBERRY;XIRECS;10154.0;4
627900;;;SNACKPACK_STRAWBERRY;XIRECS;10758.0;4
627900;;;SNACKPACK_VANILLA;XIRECS;10232.0;4
637600;;;SNACKPACK_CHOCOLATE;XIRECS;9627.0;1
637600;;;SNACKPACK_PISTACHIO;XIRECS;9358.0;1
637600;;;SNACKPACK_RASPBERRY;XIRECS;10191.0;1
637600;;;SNACKPACK_STRAWBERRY;XIRECS;10731.0;1
637600;;;SNACKPACK_VANILLA;XIRECS;10227.0;1
639100;;;SNACKPACK_CHOCOLATE;XIRECS;9641.0;2
639100;;;SNACKPACK_PISTACHIO;XIRECS;9360.0;2
639100;;;SNACKPACK_RASPBERRY;XIRECS;10204.0;2
639100;;;SNACKPACK_STRAWBERRY;XIRECS;10751.0;2
639100;;;SNACKPACK_VANILLA;XIRECS;10241.0;2
640500;;;SNACKPACK_CHOCOLATE;XIRECS;9655.0;4
640500;;;SNACKPACK_PISTACHIO;XIRECS;9313.0;4
640500;;;SNACKPACK_RASPBERRY;XIRECS;10273.0;4
640500;;;SNACKPACK_STRAWBERRY;XIRECS;10683.0;4
640500;;;SNACKPACK_VANILLA;XIRECS;10226.0;4
640900;;;SNACKPACK_CHOCOLATE;XIRECS;9651.0;4
640900;;;SNACKPACK_PISTACHIO;XIRECS;9310.0;4
640900;;;SNACKPACK_RASPBERRY;XIRECS;10279.0;4
640900;;;SNACKPACK_STRAWBERRY;XIRECS;10675.0;4
640900;;;SNACKPACK_VANILLA;XIRECS;10229.0;4
644000;;;SNACKPACK_CHOCOLATE;XIRECS;9653.0;2
644000;;;SNACKPACK_PISTACHIO;XIRECS;9272.0;2
644000;;;SNACKPACK_RASPBERRY;XIRECS;10300.0;2
644000;;;SNACKPACK_STRAWBERRY;XIRECS;10620.0;2
644000;;;SNACKPACK_VANILLA;XIRECS;10205.0;2
645900;;;SNACKPACK_CHOCOLATE;XIRECS;9646.0;1
645900;;;SNACKPACK_PISTACHIO;XIRECS;9284.0;1
645900;;;SNACKPACK_RASPBERRY;XIRECS;10296.0;1
645900;;;SNACKPACK_STRAWBERRY;XIRECS;10643.0;1
645900;;;SNACKPACK_VANILLA;XIRECS;10204.0;1
653700;;;SNACKPACK_CHOCOLATE;XIRECS;9650.0;1
653700;;;SNACKPACK_PISTACHIO;XIRECS;9343.0;1
653700;;;SNACKPACK_RASPBERRY;XIRECS;10266.0;1
653700;;;SNACKPACK_STRAWBERRY;XIRECS;10721.0;1
653700;;;SNACKPACK_VANILLA;XIRECS;10224.0;1
661300;;;SNACKPACK_CHOCOLATE;XIRECS;9606.0;2
661300;;;SNACKPACK_PISTACHIO;XIRECS;9329.0;2
661300;;;SNACKPACK_RASPBERRY;XIRECS;10277.0;2
661300;;;SNACKPACK_STRAWBERRY;XIRECS;10732.0;2
661300;;;SNACKPACK_VANILLA;XIRECS;10274.0;2
661700;;;SNACKPACK_CHOCOLATE;XIRECS;9608.0;2
661700;;;SNACKPACK_PISTACHIO;XIRECS;9315.0;2
661700;;;SNACKPACK_RASPBERRY;XIRECS;10305.0;2
661700;;;SNACKPACK_STRAWBERRY;XIRECS;10707.0;2
661700;;;SNACKPACK_VANILLA;XIRECS;10274.0;2
668400;;;SNACKPACK_CHOCOLATE;XIRECS;9666.0;2
668400;;;SNACKPACK_PISTACHIO;XIRECS;9289.0;2
668400;;;SNACKPACK_RASPBERRY;XIRECS;10229.0;2
668400;;;SNACKPACK_STRAWBERRY;XIRECS;10727.0;2
668400;;;SNACKPACK_VANILLA;XIRECS;10208.0;2
671400;;;SNACKPACK_CHOCOLATE;XIRECS;9641.0;4
671400;;;SNACKPACK_PISTACHIO;XIRECS;9299.0;4
671400;;;SNACKPACK_RASPBERRY;XIRECS;10234.0;4
671400;;;SNACKPACK_STRAWBERRY;XIRECS;10721.0;4
671400;;;SNACKPACK_VANILLA;XIRECS;10223.0;4
677800;;;SNACKPACK_CHOCOLATE;XIRECS;9682.0;1
677800;;;SNACKPACK_PISTACHIO;XIRECS;9344.0;1
677800;;;SNACKPACK_RASPBERRY;XIRECS;10214.0;1
677800;;;SNACKPACK_STRAWBERRY;XIRECS;10795.0;1
677800;;;SNACKPACK_VANILLA;XIRECS;10232.0;1
678800;;;SNACKPACK_CHOCOLATE;XIRECS;9662.0;4
678800;;;SNACKPACK_PISTACHIO;XIRECS;9338.0;4
678800;;;SNACKPACK_RASPBERRY;XIRECS;10169.0;4
678800;;;SNACKPACK_STRAWBERRY;XIRECS;10796.0;4
678800;;;SNACKPACK_VANILLA;XIRECS;10224.0;4
683700;;;SNACKPACK_CHOCOLATE;XIRECS;9659.0;2
683700;;;SNACKPACK_PISTACHIO;XIRECS;9288.0;2
683700;;;SNACKPACK_RASPBERRY;XIRECS;10274.0;2
683700;;;SNACKPACK_STRAWBERRY;XIRECS;10705.0;2
683700;;;SNACKPACK_VANILLA;XIRECS;10231.0;2
688000;;;SNACKPACK_CHOCOLATE;XIRECS;9703.0;2
688000;;;SNACKPACK_PISTACHIO;XIRECS;9253.0;2
688000;;;SNACKPACK_RASPBERRY;XIRECS;10346.0;2
688000;;;SNACKPACK_STRAWBERRY;XIRECS;10633.0;2
688000;;;SNACKPACK_VANILLA;XIRECS;10223.0;2
691100;;;SNACKPACK_CHOCOLATE;XIRECS;9651.0;1
691100;;;SNACKPACK_PISTACHIO;XIRECS;9276.0;1
691100;;;SNACKPACK_RASPBERRY;XIRECS;10319.0;1
691100;;;SNACKPACK_STRAWBERRY;XIRECS;10677.0;1
691100;;;SNACKPACK_VANILLA;XIRECS;10266.0;1
693800;;;SNACKPACK_CHOCOLATE;XIRECS;9681.0;2
693800;;;SNACKPACK_PISTACHIO;XIRECS;9259.0;2
693800;;;SNACKPACK_RASPBERRY;XIRECS;10307.0;2
693800;;;SNACKPACK_STRAWBERRY;XIRECS;10645.0;2
693800;;;SNACKPACK_VANILLA;XIRECS;10202.0;2
697900;;;SNACKPACK_CHOCOLATE;XIRECS;9638.0;2
697900;;;SNACKPACK_PISTACHIO;XIRECS;9295.0;2
697900;;;SNACKPACK_RASPBERRY;XIRECS;10269.0;2
697900;;;SNACKPACK_STRAWBERRY;XIRECS;10688.0;2
697900;;;SNACKPACK_VANILLA;XIRECS;10240.0;2
705700;;;SNACKPACK_CHOCOLATE;XIRECS;9708.0;2
705700;;;SNACKPACK_PISTACHIO;XIRECS;9352.0;2
705700;;;SNACKPACK_RASPBERRY;XIRECS;10231.0;2
705700;;;SNACKPACK_STRAWBERRY;XIRECS;10754.0;2
705700;;;SNACKPACK_VANILLA;XIRECS;10244.0;2
709900;;;SNACKPACK_CHOCOLATE;XIRECS;9671.0;2
709900;;;SNACKPACK_PISTACHIO;XIRECS;9365.0;2
709900;;;SNACKPACK_RASPBERRY;XIRECS;10163.0;2
709900;;;SNACKPACK_STRAWBERRY;XIRECS;10774.0;2
709900;;;SNACKPACK_VANILLA;XIRECS;10252.0;2
710100;;;SNACKPACK_CHOCOLATE;XIRECS;9688.0;1
710100;;;SNACKPACK_PISTACHIO;XIRECS;9386.0;1
710100;;;SNACKPACK_RASPBERRY;XIRECS;10163.0;1
710100;;;SNACKPACK_STRAWBERRY;XIRECS;10808.0;1
710100;;;SNACKPACK_VANILLA;XIRECS;10267.0;1
716100;;;SNACKPACK_CHOCOLATE;XIRECS;9587.0;2
716100;;;SNACKPACK_PISTACHIO;XIRECS;9389.0;2
716100;;;SNACKPACK_RASPBERRY;XIRECS;10111.0;2
716100;;;SNACKPACK_STRAWBERRY;XIRECS;10808.0;2
716100;;;SNACKPACK_VANILLA;XIRECS;10338.0;2
716600;;;SNACKPACK_CHOCOLATE;XIRECS;9604.0;1
716600;;;SNACKPACK_PISTACHIO;XIRECS;9397.0;1
716600;;;SNACKPACK_RASPBERRY;XIRECS;10137.0;1
716600;;;SNACKPACK_STRAWBERRY;XIRECS;10823.0;1
716600;;;SNACKPACK_VANILLA;XIRECS;10360.0;1
719000;;;SNACKPACK_CHOCOLATE;XIRECS;9553.0;4
719000;;;SNACKPACK_PISTACHIO;XIRECS;9387.0;4
719000;;;SNACKPACK_RASPBERRY;XIRECS;10093.0;4
719000;;;SNACKPACK_STRAWBERRY;XIRECS;10835.0;4
719000;;;SNACKPACK_VANILLA;XIRECS;10364.0;4
719500;;;SNACKPACK_CHOCOLATE;XIRECS;9572.0;1
719500;;;SNACKPACK_PISTACHIO;XIRECS;9417.0;1
719500;;;SNACKPACK_RASPBERRY;XIRECS;10073.0;1
719500;;;SNACKPACK_STRAWBERRY;XIRECS;10875.0;1
719500;;;SNACKPACK_VANILLA;XIRECS;10366.0;1
720700;;;SNACKPACK_CHOCOLATE;XIRECS;9555.0;2
720700;;;SNACKPACK_PISTACHIO;XIRECS;9396.0;2
720700;;;SNACKPACK_RASPBERRY;XIRECS;10089.0;2
720700;;;SNACKPACK_STRAWBERRY;XIRECS;10842.0;2
720700;;;SNACKPACK_VANILLA;XIRECS;10372.0;2
723200;;;SNACKPACK_CHOCOLATE;XIRECS;9582.0;4
723200;;;SNACKPACK_PISTACHIO;XIRECS;9374.0;4
723200;;;SNACKPACK_RASPBERRY;XIRECS;10164.0;4
723200;;;SNACKPACK_STRAWBERRY;XIRECS;10808.0;4
723200;;;SNACKPACK_VANILLA;XIRECS;10387.0;4
725000;;;SNACKPACK_CHOCOLATE;XIRECS;9599.0;2
725000;;;SNACKPACK_PISTACHIO;XIRECS;9346.0;2
725000;;;SNACKPACK_RASPBERRY;XIRECS;10172.0;2
725000;;;SNACKPACK_STRAWBERRY;XIRECS;10770.0;2
725000;;;SNACKPACK_VANILLA;XIRECS;10346.0;2
729000;;;SNACKPACK_CHOCOLATE;XIRECS;9679.0;4
729000;;;SNACKPACK_PISTACHIO;XIRECS;9308.0;4
729000;;;SNACKPACK_RASPBERRY;XIRECS;10194.0;4
729000;;;SNACKPACK_STRAWBERRY;XIRECS;10726.0;4
729000;;;SNACKPACK_VANILLA;XIRECS;10274.0;4
733300;;;SNACKPACK_CHOCOLATE;XIRECS;9736.0;4
733300;;;SNACKPACK_PISTACHIO;XIRECS;9312.0;4
733300;;;SNACKPACK_RASPBERRY;XIRECS;10192.0;4
733300;;;SNACKPACK_STRAWBERRY;XIRECS;10756.0;4
733300;;;SNACKPACK_VANILLA;XIRECS;10215.0;4
735300;;;SNACKPACK_CHOCOLATE;XIRECS;9744.0;3
735300;;;SNACKPACK_PISTACHIO;XIRECS;9347.0;3
735300;;;SNACKPACK_RASPBERRY;XIRECS;10124.0;3
735300;;;SNACKPACK_STRAWBERRY;XIRECS;10807.0;3
735300;;;SNACKPACK_VANILLA;XIRECS;10215.0;3
745000;;;SNACKPACK_CHOCOLATE;XIRECS;9756.0;3
745000;;;SNACKPACK_PISTACHIO;XIRECS;9398.0;3
745000;;;SNACKPACK_RASPBERRY;XIRECS;10058.0;3
745000;;;SNACKPACK_STRAWBERRY;XIRECS;10867.0;3
745000;;;SNACKPACK_VANILLA;XIRECS;10216.0;3
749000;;;SNACKPACK_CHOCOLATE;XIRECS;9758.0;4
749000;;;SNACKPACK_PISTACHIO;XIRECS;9380.0;4
749000;;;SNACKPACK_RASPBERRY;XIRECS;10078.0;4
749000;;;SNACKPACK_STRAWBERRY;XIRECS;10853.0;4
749000;;;SNACKPACK_VANILLA;XIRECS;10214.0;4
753600;;;SNACKPACK_CHOCOLATE;XIRECS;9782.0;3
753600;;;SNACKPACK_PISTACHIO;XIRECS;9399.0;3
753600;;;SNACKPACK_RASPBERRY;XIRECS;10099.0;3
753600;;;SNACKPACK_STRAWBERRY;XIRECS;10855.0;3
753600;;;SNACKPACK_VANILLA;XIRECS;10221.0;3
754800;;;SNACKPACK_CHOCOLATE;XIRECS;9773.0;4
754800;;;SNACKPACK_PISTACHIO;XIRECS;9396.0;4
754800;;;SNACKPACK_RASPBERRY;XIRECS;10072.0;4
754800;;;SNACKPACK_STRAWBERRY;XIRECS;10868.0;4
754800;;;SNACKPACK_VANILLA;XIRECS;10227.0;4
756000;;;SNACKPACK_CHOCOLATE;XIRECS;9768.0;2
756000;;;SNACKPACK_PISTACHIO;XIRECS;9376.0;2
756000;;;SNACKPACK_RASPBERRY;XIRECS;10103.0;2
756000;;;SNACKPACK_STRAWBERRY;XIRECS;10838.0;2
756000;;;SNACKPACK_VANILLA;XIRECS;10225.0;2
762400;;;SNACKPACK_CHOCOLATE;XIRECS;9677.0;3
762400;;;SNACKPACK_PISTACHIO;XIRECS;9416.0;3
762400;;;SNACKPACK_RASPBERRY;XIRECS;10116.0;3
762400;;;SNACKPACK_STRAWBERRY;XIRECS;10840.0;3
762400;;;SNACKPACK_VANILLA;XIRECS;10312.0;3
769000;;;SNACKPACK_CHOCOLATE;XIRECS;9667.0;1
769000;;;SNACKPACK_PISTACHIO;XIRECS;9344.0;1
769000;;;SNACKPACK_RASPBERRY;XIRECS;10223.0;1
769000;;;SNACKPACK_STRAWBERRY;XIRECS;10728.0;1
769000;;;SNACKPACK_VANILLA;XIRECS;10330.0;1
778100;;;SNACKPACK_CHOCOLATE;XIRECS;9600.0;1
778100;;;SNACKPACK_PISTACHIO;XIRECS;9335.0;1
778100;;;SNACKPACK_RASPBERRY;XIRECS;10214.0;1
778100;;;SNACKPACK_STRAWBERRY;XIRECS;10714.0;1
778100;;;SNACKPACK_VANILLA;XIRECS;10353.0;1
779300;;;SNACKPACK_CHOCOLATE;XIRECS;9630.0;1
779300;;;SNACKPACK_PISTACHIO;XIRECS;9332.0;1
779300;;;SNACKPACK_RASPBERRY;XIRECS;10210.0;1
779300;;;SNACKPACK_STRAWBERRY;XIRECS;10726.0;1
779300;;;SNACKPACK_VANILLA;XIRECS;10311.0;1
783800;;;SNACKPACK_CHOCOLATE;XIRECS;9680.0;1
783800;;;SNACKPACK_PISTACHIO;XIRECS;9370.0;1
783800;;;SNACKPACK_RASPBERRY;XIRECS;10145.0;1
783800;;;SNACKPACK_STRAWBERRY;XIRECS;10783.0;1
783800;;;SNACKPACK_VANILLA;XIRECS;10242.0;1
787500;;;SNACKPACK_CHOCOLATE;XIRECS;9683.0;4
787500;;;SNACKPACK_PISTACHIO;XIRECS;9372.0;4
787500;;;SNACKPACK_RASPBERRY;XIRECS;10149.0;4
787500;;;SNACKPACK_STRAWBERRY;XIRECS;10812.0;4
787500;;;SNACKPACK_VANILLA;XIRECS;10270.0;4
790300;;;SNACKPACK_CHOCOLATE;XIRECS;9669.0;4
790300;;;SNACKPACK_PISTACHIO;XIRECS;9317.0;4
790300;;;SNACKPACK_RASPBERRY;XIRECS;10167.0;4
790300;;;SNACKPACK_STRAWBERRY;XIRECS;10758.0;4
790300;;;SNACKPACK_VANILLA;XIRECS;10221.0;4
791600;;;SNACKPACK_CHOCOLATE;XIRECS;9712.0;1
791600;;;SNACKPACK_PISTACHIO;XIRECS;9315.0;1
791600;;;SNACKPACK_RASPBERRY;XIRECS;10167.0;1
791600;;;SNACKPACK_STRAWBERRY;XIRECS;10754.0;1
791600;;;SNACKPACK_VANILLA;XIRECS;10164.0;1
793300;;;SNACKPACK_CHOCOLATE;XIRECS;9707.0;2
793300;;;SNACKPACK_PISTACHIO;XIRECS;9301.0;2
793300;;;SNACKPACK_RASPBERRY;XIRECS;10206.0;2
793300;;;SNACKPACK_STRAWBERRY;XIRECS;10713.0;2
793300;;;SNACKPACK_VANILLA;XIRECS;10172.0;2
794900;;;SNACKPACK_CHOCOLATE;XIRECS;9720.0;3
794900;;;SNACKPACK_PISTACHIO;XIRECS;9328.0;3
794900;;;SNACKPACK_RASPBERRY;XIRECS;10224.0;3
794900;;;SNACKPACK_STRAWBERRY;XIRECS;10742.0;3
794900;;;SNACKPACK_VANILLA;XIRECS;10197.0;3
803000;;;SNACKPACK_CHOCOLATE;XIRECS;9716.0;4
803000;;;SNACKPACK_PISTACHIO;XIRECS;9266.0;4
803000;;;SNACKPACK_RASPBERRY;XIRECS;10299.0;4
803000;;;SNACKPACK_STRAWBERRY;XIRECS;10655.0;4
803000;;;SNACKPACK_VANILLA;XIRECS;10168.0;4
806000;;;SNACKPACK_CHOCOLATE;XIRECS;9701.0;1
806000;;;SNACKPACK_PISTACHIO;XIRECS;9262.0;1
806000;;;SNACKPACK_RASPBERRY;XIRECS;10299.0;1
806000;;;SNACKPACK_STRAWBERRY;XIRECS;10648.0;1
806000;;;SNACKPACK_VANILLA;XIRECS;10179.0;1
807700;;;SNACKPACK_CHOCOLATE;XIRECS;9739.0;2
807700;;;SNACKPACK_PISTACHIO;XIRECS;9283.0;2
807700;;;SNACKPACK_RASPBERRY;XIRECS;10256.0;2
807700;;;SNACKPACK_STRAWBERRY;XIRECS;10703.0;2
807700;;;SNACKPACK_VANILLA;XIRECS;10179.0;2
809500;;;SNACKPACK_CHOCOLATE;XIRECS;9725.0;3
809500;;;SNACKPACK_PISTACHIO;XIRECS;9272.0;3
809500;;;SNACKPACK_RASPBERRY;XIRECS;10245.0;3
809500;;;SNACKPACK_STRAWBERRY;XIRECS;10699.0;3
809500;;;SNACKPACK_VANILLA;XIRECS;10197.0;3
811600;;;SNACKPACK_CHOCOLATE;XIRECS;9755.0;3
811600;;;SNACKPACK_PISTACHIO;XIRECS;9255.0;3
811600;;;SNACKPACK_RASPBERRY;XIRECS;10243.0;3
811600;;;SNACKPACK_STRAWBERRY;XIRECS;10694.0;3
811600;;;SNACKPACK_VANILLA;XIRECS;10129.0;3
813500;;;SNACKPACK_CHOCOLATE;XIRECS;9777.0;1
813500;;;SNACKPACK_PISTACHIO;XIRECS;9238.0;1
813500;;;SNACKPACK_RASPBERRY;XIRECS;10288.0;1
813500;;;SNACKPACK_STRAWBERRY;XIRECS;10656.0;1
813500;;;SNACKPACK_VANILLA;XIRECS;10124.0;1
822900;;;SNACKPACK_CHOCOLATE;XIRECS;9857.0;4
822900;;;SNACKPACK_PISTACHIO;XIRECS;9197.0;4
822900;;;SNACKPACK_RASPBERRY;XIRECS;10366.0;4
822900;;;SNACKPACK_STRAWBERRY;XIRECS;10577.0;4
822900;;;SNACKPACK_VANILLA;XIRECS;10039.0;4
828800;;;SNACKPACK_CHOCOLATE;XIRECS;9902.0;2
828800;;;SNACKPACK_PISTACHIO;XIRECS;9215.0;2
828800;;;SNACKPACK_RASPBERRY;XIRECS;10423.0;2
828800;;;SNACKPACK_STRAWBERRY;XIRECS;10580.0;2
828800;;;SNACKPACK_VANILLA;XIRECS;10051.0;2
833200;;;SNACKPACK_CHOCOLATE;XIRECS;9922.0;4
833200;;;SNACKPACK_PISTACHIO;XIRECS;9255.0;4
833200;;;SNACKPACK_RASPBERRY;XIRECS;10332.0;4
833200;;;SNACKPACK_STRAWBERRY;XIRECS;10663.0;4
833200;;;SNACKPACK_VANILLA;XIRECS;10011.0;4
834200;;;SNACKPACK_CHOCOLATE;XIRECS;9957.0;4
834200;;;SNACKPACK_PISTACHIO;XIRECS;9274.0;4
834200;;;SNACKPACK_RASPBERRY;XIRECS;10305.0;4
834200;;;SNACKPACK_STRAWBERRY;XIRECS;10690.0;4
834200;;;SNACKPACK_VANILLA;XIRECS;9978.0;4
836900;;;SNACKPACK_CHOCOLATE;XIRECS;9950.0;3
836900;;;SNACKPACK_PISTACHIO;XIRECS;9277.0;3
836900;;;SNACKPACK_RASPBERRY;XIRECS;10314.0;3
836900;;;SNACKPACK_STRAWBERRY;XIRECS;10688.0;3
836900;;;SNACKPACK_VANILLA;XIRECS;9987.0;3
839200;;;SNACKPACK_CHOCOLATE;XIRECS;9905.0;1
839200;;;SNACKPACK_PISTACHIO;XIRECS;9222.0;1
839200;;;SNACKPACK_RASPBERRY;XIRECS;10350.0;1
839200;;;SNACKPACK_STRAWBERRY;XIRECS;10625.0;1
839200;;;SNACKPACK_VANILLA;XIRECS;9997.0;1
841100;;;SNACKPACK_CHOCOLATE;XIRECS;9933.0;4
841100;;;SNACKPACK_PISTACHIO;XIRECS;9251.0;4
841100;;;SNACKPACK_RASPBERRY;XIRECS;10353.0;4
841100;;;SNACKPACK_STRAWBERRY;XIRECS;10663.0;4
841100;;;SNACKPACK_VANILLA;XIRECS;9998.0;4
843300;;;SNACKPACK_CHOCOLATE;XIRECS;9952.0;4
843300;;;SNACKPACK_PISTACHIO;XIRECS;9240.0;4
843300;;;SNACKPACK_RASPBERRY;XIRECS;10332.0;4
843300;;;SNACKPACK_STRAWBERRY;XIRECS;10649.0;4
843300;;;SNACKPACK_VANILLA;XIRECS;9955.0;4
845400;;;SNACKPACK_CHOCOLATE;XIRECS;9936.0;2
845400;;;SNACKPACK_PISTACHIO;XIRECS;9247.0;2
845400;;;SNACKPACK_RASPBERRY;XIRECS;10346.0;2
845400;;;SNACKPACK_STRAWBERRY;XIRECS;10674.0;2
845400;;;SNACKPACK_VANILLA;XIRECS;10002.0;2
847400;;;SNACKPACK_CHOCOLATE;XIRECS;9890.0;3
847400;;;SNACKPACK_PISTACHIO;XIRECS;9273.0;3
847400;;;SNACKPACK_RASPBERRY;XIRECS;10248.0;3
847400;;;SNACKPACK_STRAWBERRY;XIRECS;10728.0;3
847400;;;SNACKPACK_VANILLA;XIRECS;10013.0;3
847800;;;SNACKPACK_CHOCOLATE;XIRECS;9877.0;2
847800;;;SNACKPACK_PISTACHIO;XIRECS;9261.0;2
847800;;;SNACKPACK_RASPBERRY;XIRECS;10271.0;2
847800;;;SNACKPACK_STRAWBERRY;XIRECS;10706.0;2
847800;;;SNACKPACK_VANILLA;XIRECS;10025.0;2
849900;;;SNACKPACK_CHOCOLATE;XIRECS;9813.0;4
849900;;;SNACKPACK_PISTACHIO;XIRECS;9248.0;4
849900;;;SNACKPACK_RASPBERRY;XIRECS;10278.0;4
849900;;;SNACKPACK_STRAWBERRY;XIRECS;10682.0;4
849900;;;SNACKPACK_VANILLA;XIRECS;10095.0;4
852100;;;SNACKPACK_CHOCOLATE;XIRECS;9773.0;2
852100;;;SNACKPACK_PISTACHIO;XIRECS;9286.0;2
852100;;;SNACKPACK_RASPBERRY;XIRECS;10212.0;2
852100;;;SNACKPACK_STRAWBERRY;XIRECS;10753.0;2
852100;;;SNACKPACK_VANILLA;XIRECS;10140.0;2
854500;;;SNACKPACK_CHOCOLATE;XIRECS;9772.0;1
854500;;;SNACKPACK_PISTACHIO;XIRECS;9259.0;1
854500;;;SNACKPACK_RASPBERRY;XIRECS;10252.0;1
854500;;;SNACKPACK_STRAWBERRY;XIRECS;10715.0;1
854500;;;SNACKPACK_VANILLA;XIRECS;10141.0;1
861700;;;SNACKPACK_CHOCOLATE;XIRECS;9730.0;1
861700;;;SNACKPACK_PISTACHIO;XIRECS;9269.0;1
861700;;;SNACKPACK_RASPBERRY;XIRECS;10314.0;1
861700;;;SNACKPACK_STRAWBERRY;XIRECS;10694.0;1
861700;;;SNACKPACK_VANILLA;XIRECS;10219.0;1
871900;;;SNACKPACK_CHOCOLATE;XIRECS;9752.0;4
871900;;;SNACKPACK_PISTACHIO;XIRECS;9301.0;4
871900;;;SNACKPACK_RASPBERRY;XIRECS;10231.0;4
871900;;;SNACKPACK_STRAWBERRY;XIRECS;10741.0;4
871900;;;SNACKPACK_VANILLA;XIRECS;10157.0;4
872100;;;SNACKPACK_CHOCOLATE;XIRECS;9770.0;2
872100;;;SNACKPACK_PISTACHIO;XIRECS;9324.0;2
872100;;;SNACKPACK_RASPBERRY;XIRECS;10241.0;2
872100;;;SNACKPACK_STRAWBERRY;XIRECS;10767.0;2
872100;;;SNACKPACK_VANILLA;XIRECS;10174.0;2
872700;;;SNACKPACK_CHOCOLATE;XIRECS;9768.0;4
872700;;;SNACKPACK_PISTACHIO;XIRECS;9300.0;4
872700;;;SNACKPACK_RASPBERRY;XIRECS;10287.0;4
872700;;;SNACKPACK_STRAWBERRY;XIRECS;10723.0;4
872700;;;SNACKPACK_VANILLA;XIRECS;10175.0;4
881200;;;SNACKPACK_CHOCOLATE;XIRECS;9819.0;3
881200;;;SNACKPACK_PISTACHIO;XIRECS;9361.0;3
881200;;;SNACKPACK_RASPBERRY;XIRECS;10192.0;3
881200;;;SNACKPACK_STRAWBERRY;XIRECS;10796.0;3
881200;;;SNACKPACK_VANILLA;XIRECS;10154.0;3
889500;;;SNACKPACK_CHOCOLATE;XIRECS;9826.0;2
889500;;;SNACKPACK_PISTACHIO;XIRECS;9376.0;2
889500;;;SNACKPACK_RASPBERRY;XIRECS;10151.0;2
889500;;;SNACKPACK_STRAWBERRY;XIRECS;10841.0;2
889500;;;SNACKPACK_VANILLA;XIRECS;10148.0;2
890100;;;SNACKPACK_CHOCOLATE;XIRECS;9816.0;3
890100;;;SNACKPACK_PISTACHIO;XIRECS;9360.0;3
890100;;;SNACKPACK_RASPBERRY;XIRECS;10169.0;3
890100;;;SNACKPACK_STRAWBERRY;XIRECS;10820.0;3
890100;;;SNACKPACK_VANILLA;XIRECS;10157.0;3
890600;;;SNACKPACK_CHOCOLATE;XIRECS;9783.0;4
890600;;;SNACKPACK_PISTACHIO;XIRECS;9331.0;4
890600;;;SNACKPACK_RASPBERRY;XIRECS;10166.0;4
890600;;;SNACKPACK_STRAWBERRY;XIRECS;10783.0;4
890600;;;SNACKPACK_VANILLA;XIRECS;10154.0;4
894600;;;SNACKPACK_CHOCOLATE;XIRECS;9762.0;2
894600;;;SNACKPACK_PISTACHIO;XIRECS;9365.0;2
894600;;;SNACKPACK_RASPBERRY;XIRECS;10160.0;2
894600;;;SNACKPACK_STRAWBERRY;XIRECS;10794.0;2
894600;;;SNACKPACK_VANILLA;XIRECS;10174.0;2
895200;;;SNACKPACK_CHOCOLATE;XIRECS;9744.0;4
895200;;;SNACKPACK_PISTACHIO;XIRECS;9359.0;4
895200;;;SNACKPACK_RASPBERRY;XIRECS;10169.0;4
895200;;;SNACKPACK_STRAWBERRY;XIRECS;10788.0;4
895200;;;SNACKPACK_VANILLA;XIRECS;10187.0;4
895500;;;SNACKPACK_CHOCOLATE;XIRECS;9752.0;4
895500;;;SNACKPACK_PISTACHIO;XIRECS;9375.0;4
895500;;;SNACKPACK_RASPBERRY;XIRECS;10187.0;4
895500;;;SNACKPACK_STRAWBERRY;XIRECS;10804.0;4
895500;;;SNACKPACK_VANILLA;XIRECS;10214.0;4
896300;;;SNACKPACK_CHOCOLATE;XIRECS;9751.0;1
896300;;;SNACKPACK_PISTACHIO;XIRECS;9358.0;1
896300;;;SNACKPACK_RASPBERRY;XIRECS;10171.0;1
896300;;;SNACKPACK_STRAWBERRY;XIRECS;10786.0;1
896300;;;SNACKPACK_VANILLA;XIRECS;10187.0;1
902100;;;SNACKPACK_CHOCOLATE;XIRECS;9769.0;2
902100;;;SNACKPACK_PISTACHIO;XIRECS;9400.0;2
902100;;;SNACKPACK_RASPBERRY;XIRECS;10123.0;2
902100;;;SNACKPACK_STRAWBERRY;XIRECS;10849.0;2
902100;;;SNACKPACK_VANILLA;XIRECS;10154.0;2
903800;;;SNACKPACK_CHOCOLATE;XIRECS;9792.0;2
903800;;;SNACKPACK_PISTACHIO;XIRECS;9400.0;2
903800;;;SNACKPACK_RASPBERRY;XIRECS;10164.0;2
903800;;;SNACKPACK_STRAWBERRY;XIRECS;10842.0;2
903800;;;SNACKPACK_VANILLA;XIRECS;10159.0;2
904700;;;SNACKPACK_CHOCOLATE;XIRECS;9776.0;4
904700;;;SNACKPACK_PISTACHIO;XIRECS;9393.0;4
904700;;;SNACKPACK_RASPBERRY;XIRECS;10181.0;4
904700;;;SNACKPACK_STRAWBERRY;XIRECS;10833.0;4
904700;;;SNACKPACK_VANILLA;XIRECS;10183.0;4
909000;;;SNACKPACK_CHOCOLATE;XIRECS;9736.0;2
909000;;;SNACKPACK_PISTACHIO;XIRECS;9409.0;2
909000;;;SNACKPACK_RASPBERRY;XIRECS;10132.0;2
909000;;;SNACKPACK_STRAWBERRY;XIRECS;10848.0;2
909000;;;SNACKPACK_VANILLA;XIRECS;10196.0;2
913300;;;SNACKPACK_CHOCOLATE;XIRECS;9779.0;2
913300;;;SNACKPACK_PISTACHIO;XIRECS;9480.0;2
913300;;;SNACKPACK_RASPBERRY;XIRECS;10085.0;2
913300;;;SNACKPACK_STRAWBERRY;XIRECS;10922.0;2
913300;;;SNACKPACK_VANILLA;XIRECS;10178.0;2
916000;;;SNACKPACK_CHOCOLATE;XIRECS;9718.0;2
916000;;;SNACKPACK_PISTACHIO;XIRECS;9509.0;2
916000;;;SNACKPACK_RASPBERRY;XIRECS;9996.0;2
916000;;;SNACKPACK_STRAWBERRY;XIRECS;10999.0;2
916000;;;SNACKPACK_VANILLA;XIRECS;10241.0;2
918500;;;SNACKPACK_CHOCOLATE;XIRECS;9714.0;2
918500;;;SNACKPACK_PISTACHIO;XIRECS;9513.0;2
918500;;;SNACKPACK_RASPBERRY;XIRECS;9989.0;2
918500;;;SNACKPACK_STRAWBERRY;XIRECS;11006.0;2
918500;;;SNACKPACK_VANILLA;XIRECS;10255.0;2
919400;;;SNACKPACK_CHOCOLATE;XIRECS;9713.0;3
919400;;;SNACKPACK_PISTACHIO;XIRECS;9483.0;3
919400;;;SNACKPACK_RASPBERRY;XIRECS;9985.0;3
919400;;;SNACKPACK_STRAWBERRY;XIRECS;10978.0;3
919400;;;SNACKPACK_VANILLA;XIRECS;10220.0;3
921000;;;SNACKPACK_CHOCOLATE;XIRECS;9739.0;1
921000;;;SNACKPACK_PISTACHIO;XIRECS;9517.0;1
921000;;;SNACKPACK_RASPBERRY;XIRECS;9992.0;1
921000;;;SNACKPACK_STRAWBERRY;XIRECS;11005.0;1
921000;;;SNACKPACK_VANILLA;XIRECS;10225.0;1
927800;;;SNACKPACK_CHOCOLATE;XIRECS;9745.0;3
927800;;;SNACKPACK_PISTACHIO;XIRECS;9496.0;3
927800;;;SNACKPACK_RASPBERRY;XIRECS;9977.0;3
927800;;;SNACKPACK_STRAWBERRY;XIRECS;10970.0;3
927800;;;SNACKPACK_VANILLA;XIRECS;10170.0;3
936200;;;SNACKPACK_CHOCOLATE;XIRECS;9754.0;1
936200;;;SNACKPACK_PISTACHIO;XIRECS;9516.0;1
936200;;;SNACKPACK_RASPBERRY;XIRECS;9955.0;1
936200;;;SNACKPACK_STRAWBERRY;XIRECS;11010.0;1
936200;;;SNACKPACK_VANILLA;XIRECS;10157.0;1
946300;;;SNACKPACK_CHOCOLATE;XIRECS;9667.0;4
946300;;;SNACKPACK_PISTACHIO;XIRECS;9556.0;4
946300;;;SNACKPACK_RASPBERRY;XIRECS;9898.0;4
946300;;;SNACKPACK_STRAWBERRY;XIRECS;11057.0;4
946300;;;SNACKPACK_VANILLA;XIRECS;10255.0;4
954300;;;SNACKPACK_CHOCOLATE;XIRECS;9791.0;4
954300;;;SNACKPACK_PISTACHIO;XIRECS;9554.0;4
954300;;;SNACKPACK_RASPBERRY;XIRECS;9891.0;4
954300;;;SNACKPACK_STRAWBERRY;XIRECS;11061.0;4
954300;;;SNACKPACK_VANILLA;XIRECS;10120.0;4
955600;;;SNACKPACK_CHOCOLATE;XIRECS;9839.0;4
955600;;;SNACKPACK_PISTACHIO;XIRECS;9556.0;4
955600;;;SNACKPACK_RASPBERRY;XIRECS;9892.0;4
955600;;;SNACKPACK_STRAWBERRY;XIRECS;11077.0;4
955600;;;SNACKPACK_VANILLA;XIRECS;10090.0;4
958000;;;SNACKPACK_CHOCOLATE;XIRECS;9806.0;4
958000;;;SNACKPACK_PISTACHIO;XIRECS;9539.0;4
958000;;;SNACKPACK_RASPBERRY;XIRECS;9873.0;4
958000;;;SNACKPACK_STRAWBERRY;XIRECS;11073.0;4
958000;;;SNACKPACK_VANILLA;XIRECS;10110.0;4
964200;;;SNACKPACK_CHOCOLATE;XIRECS;9823.0;1
964200;;;SNACKPACK_PISTACHIO;XIRECS;9521.0;1
964200;;;SNACKPACK_RASPBERRY;XIRECS;9970.0;1
964200;;;SNACKPACK_STRAWBERRY;XIRECS;11030.0;1
964200;;;SNACKPACK_VANILLA;XIRECS;10123.0;1
964600;;;SNACKPACK_CHOCOLATE;XIRECS;9795.0;2
964600;;;SNACKPACK_PISTACHIO;XIRECS;9502.0;2
964600;;;SNACKPACK_RASPBERRY;XIRECS;9989.0;2
964600;;;SNACKPACK_STRAWBERRY;XIRECS;11007.0;2
964600;;;SNACKPACK_VANILLA;XIRECS;10145.0;2
969100;;;SNACKPACK_CHOCOLATE;XIRECS;9751.0;2
969100;;;SNACKPACK_PISTACHIO;XIRECS;9431.0;2
969100;;;SNACKPACK_RASPBERRY;XIRECS;10093.0;2
969100;;;SNACKPACK_STRAWBERRY;XIRECS;10883.0;2
969100;;;SNACKPACK_VANILLA;XIRECS;10175.0;2
977700;;;SNACKPACK_CHOCOLATE;XIRECS;9793.0;4
977700;;;SNACKPACK_PISTACHIO;XIRECS;9462.0;4
977700;;;SNACKPACK_RASPBERRY;XIRECS;10030.0;4
977700;;;SNACKPACK_STRAWBERRY;XIRECS;10942.0;4
977700;;;SNACKPACK_VANILLA;XIRECS;10109.0;4
980000;;;SNACKPACK_CHOCOLATE;XIRECS;9792.0;3
980000;;;SNACKPACK_PISTACHIO;XIRECS;9400.0;3
980000;;;SNACKPACK_RASPBERRY;XIRECS;10048.0;3
980000;;;SNACKPACK_STRAWBERRY;XIRECS;10886.0;3
980000;;;SNACKPACK_VANILLA;XIRECS;10071.0;3
987100;;;SNACKPACK_CHOCOLATE;XIRECS;9776.0;2
987100;;;SNACKPACK_PISTACHIO;XIRECS;9422.0;2
987100;;;SNACKPACK_RASPBERRY;XIRECS;10034.0;2
987100;;;SNACKPACK_STRAWBERRY;XIRECS;10880.0;2
987100;;;SNACKPACK_VANILLA;XIRECS;10075.0;2
992200;;;SNACKPACK_CHOCOLATE;XIRECS;9816.0;1
992200;;;SNACKPACK_PISTACHIO;XIRECS;9426.0;1
992200;;;SNACKPACK_RASPBERRY;XIRECS;10083.0;1
992200;;;SNACKPACK_STRAWBERRY;XIRECS;10852.0;1
992200;;;SNACKPACK_VANILLA;XIRECS;10073.0;1
995900;;;SNACKPACK_CHOCOLATE;XIRECS;9843.0;4
995900;;;SNACKPACK_PISTACHIO;XIRECS;9411.0;4
995900;;;SNACKPACK_RASPBERRY;XIRECS;10101.0;4
995900;;;SNACKPACK_STRAWBERRY;XIRECS;10825.0;4
995900;;;SNACKPACK_VANILLA;XIRECS;10039.0;4
999500;;;SNACKPACK_CHOCOLATE;XIRECS;9823.0;4
999500;;;SNACKPACK_PISTACHIO;XIRECS;9373.0;4
999500;;;SNACKPACK_RASPBERRY;XIRECS;10121.0;4
999500;;;SNACKPACK_STRAWBERRY;XIRECS;10786.0;4
999500;;;SNACKPACK_VANILLA;XIRECS;10027.0;4
