timestamp;buyer;seller;symbol;currency;price;quantity
900;;;TRANSLATOR_ASTRO_BLACK;XIRECS;9173.0;1
900;;;TRANSLATOR_ECLIPSE_CHARCOAL;XIRECS;9644.0;1
900;;;TRANSLATOR_GRAPHITE_MIST;XIRECS;11044.0;1
900;;;TRANSLATOR_SPACE_GRAY;XIRECS;10100.0;1
900;;;TRANSLATOR_VOID_BLUE;XIRECS;10773.0;1
7100;;;TRANSLATOR_ASTRO_BLACK;XIRECS;9239.0;4
7100;;;TRANSLATOR_ECLIPSE_CHARCOAL;XIRECS;9678.0;4
7100;;;TRANSLATOR_GRAPHITE_MIST;XIRECS;11064.0;4
7100;;;TRANSLATOR_SPACE_GRAY;XIRECS;10153.0;4
7100;;;TRANSLATOR_VOID_BLUE;XIRECS;10703.0;4
7300;;;TRANSLATOR_ASTRO_BLACK;XIRECS;9266.0;3
7300;;;TRANSLATOR_ECLIPSE_CHARCOAL;XIRECS;9684.0;3
7300;;;TRANSLATOR_GRAPHITE_MIST;XIRECS;11080.0;3
7300;;;TRANSLATOR_SPACE_GRAY;XIRECS;10148.0;3
7300;;;TRANSLATOR_VOID_BLUE;XIRECS;10685.0;3
8600;;;TRANSLATOR_ASTRO_BLACK;XIRECS;9307.0;1
8600;;;TRANSLATOR_ECLIPSE_CHARCOAL;XIRECS;9713.0;1
8600;;;TRANSLATOR_GRAPHITE_MIST;XIRECS;11080.0;1
8600;;;TRANSLATOR_SPACE_GRAY;XIRECS;10217.0;1
8600;;;TRANSLATOR_VOID_BLUE;XIRECS;10745.0;1
13000;;;TRANSLATOR_ASTRO_BLACK;XIRECS;9249.0;4
13000;;;TRANSLATOR_ECLIPSE_CHARCOAL;XIRECS;9644.0;4
13000;;;TRANSLATOR_GRAPHITE_MIST;XIRECS;11061.0;4
13000;;;TRANSLATOR_SPACE_GRAY;XIRECS;10196.0;4
13000;;;TRANSLATOR_VOID_BLUE;XIRECS;10800.0;4
13900;;;TRANSLATOR_ASTRO_BLACK;XIRECS;9229.0;1
13900;;;TRANSLATOR_ECLIPSE_CHARCOAL;XIRECS;9653.0;1
13900;;;TRANSLATOR_GRAPHITE_MIST;XIRECS;11117.0;1
13900;;;TRANSLATOR_SPACE_GRAY;XIRECS;10178.0;1
13900;;;TRANSLATOR_VOID_BLUE;XIRECS;10813.0;1
23400;;;TRANSLATOR_ASTRO_BLACK;XIRECS;9115.0;1
23400;;;TRANSLATOR_ECLIPSE_CHARCOAL;XIRECS;9712.0;1
23400;;;TRANSLATOR_GRAPHITE_MIST;XIRECS;11127.0;1
23400;;;TRANSLATOR_SPACE_GRAY;XIRECS;10195.0;1
23400;;;TRANSLATOR_VOID_BLUE;XIRECS;10796.0;1
23700;;;TRANSLATOR_ASTRO_BLACK;XIRECS;9110.0;1
23700;;;TRANSLATOR_ECLIPSE_CHARCOAL;XIRECS;9696.0;1
23700;;;TRANSLATOR_GRAPHITE_MIST;XIRECS;11145.0;1
23700;;;TRANSLATOR_SPACE_GRAY;XIRECS;10196.0;1
23700;;;TRANSLATOR_VOID_BLUE;XIRECS;10787.0;1
30400;;;TRANSLATOR_ASTRO_BLACK;XIRECS;9167.0;1
30400;;;TRANSLATOR_ECLIPSE_CHARCOAL;XIRECS;9549.0;1
30400;;;TRANSLATOR_GRAPHITE_MIST;XIRECS;11186.0;1
30400;;;TRANSLATOR_SPACE_GRAY;XIRECS;10175.0;1
30400;;;TRANSLATOR_VOID_BLUE;XIRECS;10819.0;1
32400;;;TRANSLATOR_ASTRO_BLACK;XIRECS;9197.0;4
32400;;;TRANSLATOR_ECLIPSE_CHARCOAL;XIRECS;9526.0;4
32400;;;TRANSLATOR_GRAPHITE_MIST;XIRECS;11131.0;4
32400;;;TRANSLATOR_SPACE_GRAY;XIRECS;10162.0;4
32400;;;TRANSLATOR_VOID_BLUE;XIRECS;10849.0;4
36400;;;TRANSLATOR_ASTRO_BLACK;XIRECS;9270.0;3
36400;;;TRANSLATOR_ECLIPSE_CHARCOAL;XIRECS;9517.0;3
36400;;;TRANSLATOR_GRAPHITE_MIST;XIRECS;11153.0;3
36400;;;TRANSLATOR_SPACE_GRAY;XIRECS;10222.0;3
36400;;;TRANSLATOR_VOID_BLUE;XIRECS;10793.0;3
40600;;;TRANSLATOR_ASTRO_BLACK;XIRECS;9308.0;4
40600;;;TRANSLATOR_ECLIPSE_CHARCOAL;XIRECS;9563.0;4
40600;;;TRANSLATOR_GRAPHITE_MIST;XIRECS;11253.0;4
40600;;;TRANSLATOR_SPACE_GRAY;XIRECS;10175.0;4
40600;;;TRANSLATOR_VOID_BLUE;XIRECS;10718.0;4
42200;;;TRANSLATOR_ASTRO_BLACK;XIRECS;9380.0;4
42200;;;TRANSLATOR_ECLIPSE_CHARCOAL;XIRECS;9574.0;4
42200;;;TRANSLATOR_GRAPHITE_MIST;XIRECS;11346.0;4
42200;;;TRANSLATOR_SPACE_GRAY;XIRECS;10183.0;4
42200;;;TRANSLATOR_VOID_BLUE;XIRECS;10741.0;4
42300;;;TRANSLATOR_ASTRO_BLACK;XIRECS;9347.0;1
42300;;;TRANSLATOR_ECLIPSE_CHARCOAL;XIRECS;9556.0;1
42300;;;TRANSLATOR_GRAPHITE_MIST;XIRECS;11330.0;1
42300;;;TRANSLATOR_SPACE_GRAY;XIRECS;10170.0;1
42300;;;TRANSLATOR_VOID_BLUE;XIRECS;10728.0;1
42900;;;TRANSLATOR_ASTRO_BLACK;XIRECS;9350.0;3
42900;;;TRANSLATOR_ECLIPSE_CHARCOAL;XIRECS;9544.0;3
42900;;;TRANSLATOR_GRAPHITE_MIST;XIRECS;11327.0;3
42900;;;TRANSLATOR_SPACE_GRAY;XIRECS;10181.0;3
42900;;;TRANSLATOR_VOID_BLUE;XIRECS;10694.0;3
53500;;;TRANSLATOR_ASTRO_BLACK;XIRECS;9376.0;2
53500;;;TRANSLATOR_ECLIPSE_CHARCOAL;XIRECS;9642.0;2
53500;;;TRANSLATOR_GRAPHITE_MIST;XIRECS;11469.0;2
53500;;;TRANSLATOR_SPACE_GRAY;XIRECS;10017.0;2
53500;;;TRANSLATOR_VOID_BLUE;XIRECS;10718.0;2
57800;;;TRANSLATOR_ASTRO_BLACK;XIRECS;9366.0;1
57800;;;TRANSLATOR_ECLIPSE_CHARCOAL;XIRECS;9749.0;1
57800;;;TRANSLATOR_GRAPHITE_MIST;XIRECS;11395.0;1
57800;;;TRANSLATOR_SPACE_GRAY;XIRECS;10117.0;1
57800;;;TRANSLATOR_VOID_BLUE;XIRECS;10706.0;1
60200;;;TRANSLATOR_ASTRO_BLACK;XIRECS;9376.0;3
60200;;;TRANSLATOR_ECLIPSE_CHARCOAL;XIRECS;9789.0;3
60200;;;TRANSLATOR_GRAPHITE_MIST;XIRECS;11381.0;3
60200;;;TRANSLATOR_SPACE_GRAY;XIRECS;9990.0;3
60200;;;TRANSLATOR_VOID_BLUE;XIRECS;10654.0;3
63500;;;TRANSLATOR_ASTRO_BLACK;XIRECS;9415.0;2
63500;;;TRANSLATOR_ECLIPSE_CHARCOAL;XIRECS;9822.0;2
63500;;;TRANSLATOR_GRAPHITE_MIST;XIRECS;11432.0;2
63500;;;TRANSLATOR_SPACE_GRAY;XIRECS;9907.0;2
63500;;;TRANSLATOR_VOID_BLUE;XIRECS;10593.0;2
65000;;;TRANSLATOR_ASTRO_BLACK;XIRECS;9451.0;4
65000;;;TRANSLATOR_ECLIPSE_CHARCOAL;XIRECS;9820.0;4
65000;;;TRANSLATOR_GRAPHITE_MIST;XIRECS;11419.0;4
65000;;;TRANSLATOR_SPACE_GRAY;XIRECS;9859.0;4
65000;;;TRANSLATOR_VOID_BLUE;XIRECS;10604.0;4
72000;;;TRANSLATOR_ASTRO_BLACK;XIRECS;9492.0;4
72000;;;TRANSLATOR_ECLIPSE_CHARCOAL;XIRECS;9841.0;4
72000;;;TRANSLATOR_GRAPHITE_MIST;XIRECS;11208.0;4
72000;;;TRANSLATOR_SPACE_GRAY;XIRECS;9799.0;4
72000;;;TRANSLATOR_VOID_BLUE;XIRECS;10590.0;4
73600;;;TRANSLATOR_ASTRO_BLACK;XIRECS;9480.0;2
73600;;;TRANSLATOR_ECLIPSE_CHARCOAL;XIRECS;9821.0;2
73600;;;TRANSLATOR_GRAPHITE_MIST;XIRECS;11246.0;2
73600;;;TRANSLATOR_SPACE_GRAY;XIRECS;9804.0;2
73600;;;TRANSLATOR_VOID_BLUE;XIRECS;10650.0;2
75300;;;TRANSLATOR_ASTRO_BLACK;XIRECS;9415.0;1
75300;;;TRANSLATOR_ECLIPSE_CHARCOAL;XIRECS;9836.0;1
75300;;;TRANSLATOR_GRAPHITE_MIST;XIRECS;11225.0;1
75300;;;TRANSLATOR_SPACE_GRAY;XIRECS;9707.0;1
75300;;;TRANSLATOR_VOID_BLUE;XIRECS;10663.0;1
83400;;;TRANSLATOR_ASTRO_BLACK;XIRECS;9432.0;3
83400;;;TRANSLATOR_ECLIPSE_CHARCOAL;XIRECS;9823.0;3
83400;;;TRANSLATOR_GRAPHITE_MIST;XIRECS;11291.0;3
83400;;;TRANSLATOR_SPACE_GRAY;XIRECS;9670.0;3
83400;;;TRANSLATOR_VOID_BLUE;XIRECS;10612.0;3
86000;;;TRANSLATOR_ASTRO_BLACK;XIRECS;9412.0;3
86000;;;TRANSLATOR_ECLIPSE_CHARCOAL;XIRECS;9828.0;3
86000;;;TRANSLATOR_GRAPHITE_MIST;XIRECS;11300.0;3
86000;;;TRANSLATOR_SPACE_GRAY;XIRECS;9686.0;3
86000;;;TRANSLATOR_VOID_BLUE;XIRECS;10695.0;3
92100;;;TRANSLATOR_ASTRO_BLACK;XIRECS;9492.0;4
92100;;;TRANSLATOR_ECLIPSE_CHARCOAL;XIRECS;9892.0;4
92100;;;TRANSLATOR_GRAPHITE_MIST;XIRECS;11374.0;4
92100;;;TRANSLATOR_SPACE_GRAY;XIRECS;9567.0;4
92100;;;TRANSLATOR_VOID_BLUE;XIRECS;10678.0;4
92400;;;TRANSLATOR_ASTRO_BLACK;XIRECS;9478.0;3
92400;;;TRANSLATOR_ECLIPSE_CHARCOAL;XIRECS;9902.0;3
92400;;;TRANSLATOR_GRAPHITE_MIST;XIRECS;11339.0;3
92400;;;TRANSLATOR_SPACE_GRAY;XIRECS;9561.0;3
92400;;;TRANSLATOR_VOID_BLUE;XIRECS;10666.0;3
93100;;;TRANSLATOR_ASTRO_BLACK;XIRECS;9482.0;2
93100;;;TRANSLATOR_ECLIPSE_CHARCOAL;XIRECS;9912.0;2
93100;;;TRANSLATOR_GRAPHITE_MIST;XIRECS;11356.0;2
93100;;;TRANSLATOR_SPACE_GRAY;XIRECS;9563.0;2
93100;;;TRANSLATOR_VOID_BLUE;XIRECS;10703.0;2
94600;;;TRANSLATOR_ASTRO_BLACK;XIRECS;9486.0;4
94600;;;TRANSLATOR_ECLIPSE_CHARCOAL;XIRECS;9930.0;4
94600;;;TRANSLATOR_GRAPHITE_MIST;XIRECS;11397.0;4
94600;;;TRANSLATOR_SPACE_GRAY;XIRECS;9560.0;4
94600;;;TRANSLATOR_VOID_BLUE;XIRECS;10794.0;4
99400;;;TRANSLATOR_ASTRO_BLACK;XIRECS;9513.0;3
99400;;;TRANSLATOR_ECLIPSE_CHARCOAL;XIRECS;9995.0;3
99400;;;TRANSLATOR_GRAPHITE_MIST;XIRECS;11526.0;3
99400;;;TRANSLATOR_SPACE_GRAY;XIRECS;9464.0;3
99400;;;TRANSLATOR_VOID_BLUE;XIRECS;10869.0;3
102500;;;TRANSLATOR_ASTRO_BLACK;XIRECS;9606.0;3
102500;;;TRANSLATOR_ECLIPSE_CHARCOAL;XIRECS;10035.0;3
102500;;;TRANSLATOR_GRAPHITE_MIST;XIRECS;11376.0;3
102500;;;TRANSLATOR_SPACE_GRAY;XIRECS;9500.0;3
102500;;;TRANSLATOR_VOID_BLUE;XIRECS;10924.0;3
108500;;;TRANSLATOR_ASTRO_BLACK;XIRECS;9493.0;1
108500;;;TRANSLATOR_ECLIPSE_CHARCOAL;XIRECS;10162.0;1
108500;;;TRANSLATOR_GRAPHITE_MIST;XIRECS;11376.0;1
108500;;;TRANSLATOR_SPACE_GRAY;XIRECS;9616.0;1
108500;;;TRANSLATOR_VOID_BLUE;XIRECS;10888.0;1
109300;;;TRANSLATOR_ASTRO_BLACK;XIRECS;9519.0;2
109300;;;TRANSLATOR_ECLIPSE_CHARCOAL;XIRECS;10155.0;2
109300;;;TRANSLATOR_GRAPHITE_MIST;XIRECS;11309.0;2
109300;;;TRANSLATOR_SPACE_GRAY;XIRECS;9661.0;2
109300;;;TRANSLATOR_VOID_BLUE;XIRECS;10942.0;2
109600;;;TRANSLATOR_ASTRO_BLACK;XIRECS;9504.0;4
109600;;;TRANSLATOR_ECLIPSE_CHARCOAL;XIRECS;10156.0;4
109600;;;TRANSLATOR_GRAPHITE_MIST;XIRECS;11343.0;4
109600;;;TRANSLATOR_SPACE_GRAY;XIRECS;9660.0;4
109600;;;TRANSLATOR_VOID_BLUE;XIRECS;10911.0;4
112900;;;TRANSLATOR_ASTRO_BLACK;XIRECS;9533.0;3
112900;;;TRANSLATOR_ECLIPSE_CHARCOAL;XIRECS;10172.0;3
112900;;;TRANSLATOR_GRAPHITE_MIST;XIRECS;11386.0;3
112900;;;TRANSLATOR_SPACE_GRAY;XIRECS;9663.0;3
112900;;;TRANSLATOR_VOID_BLUE;XIRECS;10866.0;3
114000;;;TRANSLATOR_ASTRO_BLACK;XIRECS;9489.0;4
114000;;;TRANSLATOR_ECLIPSE_CHARCOAL;XIRECS;10224.0;4
114000;;;TRANSLATOR_GRAPHITE_MIST;XIRECS;11367.0;4
114000;;;TRANSLATOR_SPACE_GRAY;XIRECS;9662.0;4
114000;;;TRANSLATOR_VOID_BLUE;XIRECS;10822.0;4
115300;;;TRANSLATOR_ASTRO_BLACK;XIRECS;9454.0;1
115300;;;TRANSLATOR_ECLIPSE_CHARCOAL;XIRECS;10233.0;1
115300;;;TRANSLATOR_GRAPHITE_MIST;XIRECS;11340.0;1
115300;;;TRANSLATOR_SPACE_GRAY;XIRECS;9660.0;1
115300;;;TRANSLATOR_VOID_BLUE;XIRECS;10800.0;1
117000;;;TRANSLATOR_ASTRO_BLACK;XIRECS;9426.0;2
117000;;;TRANSLATOR_ECLIPSE_CHARCOAL;XIRECS;10200.0;2
117000;;;TRANSLATOR_GRAPHITE_MIST;XIRECS;11359.0;2
117000;;;TRANSLATOR_SPACE_GRAY;XIRECS;9693.0;2
117000;;;TRANSLATOR_VOID_BLUE;XIRECS;10802.0;2
123900;;;TRANSLATOR_ASTRO_BLACK;XIRECS;9346.0;1
123900;;;TRANSLATOR_ECLIPSE_CHARCOAL;XIRECS;10189.0;1
123900;;;TRANSLATOR_GRAPHITE_MIST;XIRECS;11409.0;1
123900;;;TRANSLATOR_SPACE_GRAY;XIRECS;9624.0;1
123900;;;TRANSLATOR_VOID_BLUE;XIRECS;10837.0;1
128700;;;TRANSLATOR_ASTRO_BLACK;XIRECS;9340.0;4
128700;;;TRANSLATOR_ECLIPSE_CHARCOAL;XIRECS;10072.0;4
128700;;;TRANSLATOR_GRAPHITE_MIST;XIRECS;11358.0;4
128700;;;TRANSLATOR_SPACE_GRAY;XIRECS;9564.0;4
128700;;;TRANSLATOR_VOID_BLUE;XIRECS;10953.0;4
130200;;;TRANSLATOR_ASTRO_BLACK;XIRECS;9312.0;2
130200;;;TRANSLATOR_ECLIPSE_CHARCOAL;XIRECS;9988.0;2
130200;;;TRANSLATOR_GRAPHITE_MIST;XIRECS;11413.0;2
130200;;;TRANSLATOR_SPACE_GRAY;XIRECS;9608.0;2
130200;;;TRANSLATOR_VOID_BLUE;XIRECS;10863.0;2
131900;;;TRANSLATOR_ASTRO_BLACK;XIRECS;9329.0;1
131900;;;TRANSLATOR_ECLIPSE_CHARCOAL;XIRECS;10040.0;1
131900;;;TRANSLATOR_GRAPHITE_MIST;XIRECS;11378.0;1
131900;;;TRANSLATOR_SPACE_GRAY;XIRECS;9584.0;1
131900;;;TRANSLATOR_VOID_BLUE;XIRECS;10847.0;1
134600;;;TRANSLATOR_ASTRO_BLACK;XIRECS;9271.0;1
134600;;;TRANSLATOR_ECLIPSE_CHARCOAL;XIRECS;10080.0;1
134600;;;TRANSLATOR_GRAPHITE_MIST;XIRECS;11304.0;1
134600;;;TRANSLATOR_SPACE_GRAY;XIRECS;9604.0;1
134600;;;TRANSLATOR_VOID_BLUE;XIRECS;10852.0;1
140200;;;TRANSLATOR_ASTRO_BLACK;XIRECS;9270.0;1
140200;;;TRANSLATOR_ECLIPSE_CHARCOAL;XIRECS;10035.0;1
140200;;;TRANSLATOR_GRAPHITE_MIST;XIRECS;11304.0;1
140200;;;TRANSLATOR_SPACE_GRAY;XIRECS;9556.0;1
140200;;;TRANSLATOR_VOID_BLUE;XIRECS;10811.0;1
143300;;;TRANSLATOR_ASTRO_BLACK;XIRECS;9301.0;1
143300;;;TRANSLATOR_ECLIPSE_CHARCOAL;XIRECS;10055.0;1
143300;;;TRANSLATOR_GRAPHITE_MIST;XIRECS;11240.0;1
143300;;;TRANSLATOR_SPACE_GRAY;XIRECS;9513.0;1
143300;;;TRANSLATOR_VOID_BLUE;XIRECS;10883.0;1
148800;;;TRANSLATOR_ASTRO_BLACK;XIRECS;9365.0;3
148800;;;TRANSLATOR_ECLIPSE_CHARCOAL;XIRECS;10149.0;3
148800;;;TRANSLATOR_GRAPHITE_MIST;XIRECS;11220.0;3
148800;;;TRANSLATOR_SPACE_GRAY;XIRECS;9343.0;3
148800;;;TRANSLATOR_VOID_BLUE;XIRECS;10782.0;3
154500;;;TRANSLATOR_ASTRO_BLACK;XIRECS;9292.0;2
154500;;;TRANSLATOR_ECLIPSE_CHARCOAL;XIRECS;10173.0;2
154500;;;TRANSLATOR_GRAPHITE_MIST;XIRECS;11299.0;2
154500;;;TRANSLATOR_SPACE_GRAY;XIRECS;9272.0;2
154500;;;TRANSLATOR_VOID_BLUE;XIRECS;10871.0;2
155400;;;TRANSLATOR_ASTRO_BLACK;XIRECS;9254.0;1
155400;;;TRANSLATOR_ECLIPSE_CHARCOAL;XIRECS;10166.0;1
155400;;;TRANSLATOR_GRAPHITE_MIST;XIRECS;11266.0;1
155400;;;TRANSLATOR_SPACE_GRAY;XIRECS;9240.0;1
155400;;;TRANSLATOR_VOID_BLUE;XIRECS;10844.0;1
156200;;;TRANSLATOR_ASTRO_BLACK;XIRECS;9218.0;4
156200;;;TRANSLATOR_ECLIPSE_CHARCOAL;XIRECS;10175.0;4
156200;;;TRANSLATOR_GRAPHITE_MIST;XIRECS;11251.0;4
156200;;;TRANSLATOR_SPACE_GRAY;XIRECS;9236.0;4
156200;;;TRANSLATOR_VOID_BLUE;XIRECS;10863.0;4
156400;;;TRANSLATOR_ASTRO_BLACK;XIRECS;9201.0;1
156400;;;TRANSLATOR_ECLIPSE_CHARCOAL;XIRECS;10172.0;1
156400;;;TRANSLATOR_GRAPHITE_MIST;XIRECS;11274.0;1
156400;;;TRANSLATOR_SPACE_GRAY;XIRECS;9233.0;1
156400;;;TRANSLATOR_VOID_BLUE;XIRECS;10885.0;1
158000;;;TRANSLATOR_ASTRO_BLACK;XIRECS;9208.0;4
158000;;;TRANSLATOR_ECLIPSE_CHARCOAL;XIRECS;10156.0;4
158000;;;TRANSLATOR_GRAPHITE_MIST;XIRECS;11210.0;4
158000;;;TRANSLATOR_SPACE_GRAY;XIRECS;9221.0;4
158000;;;TRANSLATOR_VOID_BLUE;XIRECS;10895.0;4
159000;;;TRANSLATOR_ASTRO_BLACK;XIRECS;9212.0;1
159000;;;TRANSLATOR_ECLIPSE_CHARCOAL;XIRECS;10180.0;1
159000;;;TRANSLATOR_GRAPHITE_MIST;XIRECS;11218.0;1
159000;;;TRANSLATOR_SPACE_GRAY;XIRECS;9266.0;1
159000;;;TRANSLATOR_VOID_BLUE;XIRECS;10911.0;1
159400;;;TRANSLATOR_ASTRO_BLACK;XIRECS;9225.0;2
159400;;;TRANSLATOR_ECLIPSE_CHARCOAL;XIRECS;10183.0;2
159400;;;TRANSLATOR_GRAPHITE_MIST;XIRECS;11215.0;2
159400;;;TRANSLATOR_SPACE_GRAY;XIRECS;9302.0;2
159400;;;TRANSLATOR_VOID_BLUE;XIRECS;10917.0;2
168400;;;TRANSLATOR_ASTRO_BLACK;XIRECS;9253.0;2
168400;;;TRANSLATOR_ECLIPSE_CHARCOAL;XIRECS;10089.0;2
168400;;;TRANSLATOR_GRAPHITE_MIST;XIRECS;11242.0;2
168400;;;TRANSLATOR_SPACE_GRAY;XIRECS;9181.0;2
168400;;;TRANSLATOR_VOID_BLUE;XIRECS;10996.0;2
174100;;;TRANSLATOR_ASTRO_BLACK;XIRECS;9195.0;1
174100;;;TRANSLATOR_ECLIPSE_CHARCOAL;XIRECS;10064.0;1
174100;;;TRANSLATOR_GRAPHITE_MIST;XIRECS;11323.0;1
174100;;;TRANSLATOR_SPACE_GRAY;XIRECS;9159.0;1
174100;;;TRANSLATOR_VOID_BLUE;XIRECS;11040.0;1
182300;;;TRANSLATOR_ASTRO_BLACK;XIRECS;9132.0;1
182300;;;TRANSLATOR_ECLIPSE_CHARCOAL;XIRECS;10042.0;1
182300;;;TRANSLATOR_GRAPHITE_MIST;XIRECS;11378.0;1
182300;;;TRANSLATOR_SPACE_GRAY;XIRECS;9124.0;1
182300;;;TRANSLATOR_VOID_BLUE;XIRECS;10943.0;1
188800;;;TRANSLATOR_ASTRO_BLACK;XIRECS;9183.0;3
188800;;;TRANSLATOR_ECLIPSE_CHARCOAL;XIRECS;10105.0;3
188800;;;TRANSLATOR_GRAPHITE_MIST;XIRECS;11482.0;3
188800;;;TRANSLATOR_SPACE_GRAY;XIRECS;9048.0;3
188800;;;TRANSLATOR_VOID_BLUE;XIRECS;10857.0;3
200900;;;TRANSLATOR_ASTRO_BLACK;XIRECS;9308.0;2
200900;;;TRANSLATOR_ECLIPSE_CHARCOAL;XIRECS;10052.0;2
200900;;;TRANSLATOR_GRAPHITE_MIST;XIRECS;11506.0;2
200900;;;TRANSLATOR_SPACE_GRAY;XIRECS;9067.0;2
200900;;;TRANSLATOR_VOID_BLUE;XIRECS;10894.0;2
202100;;;TRANSLATOR_ASTRO_BLACK;XIRECS;9318.0;2
202100;;;TRANSLATOR_ECLIPSE_CHARCOAL;XIRECS;10141.0;2
202100;;;TRANSLATOR_GRAPHITE_MIST;XIRECS;11452.0;2
202100;;;TRANSLATOR_SPACE_GRAY;XIRECS;9098.0;2
202100;;;TRANSLATOR_VOID_BLUE;XIRECS;10883.0;2
206000;;;TRANSLATOR_ASTRO_BLACK;XIRECS;9265.0;4
206000;;;TRANSLATOR_ECLIPSE_CHARCOAL;XIRECS;10084.0;4
206000;;;TRANSLATOR_GRAPHITE_MIST;XIRECS;11394.0;4
206000;;;TRANSLATOR_SPACE_GRAY;XIRECS;9094.0;4
206000;;;TRANSLATOR_VOID_BLUE;XIRECS;10812.0;4
208900;;;TRANSLATOR_ASTRO_BLACK;XIRECS;9366.0;4
208900;;;TRANSLATOR_ECLIPSE_CHARCOAL;XIRECS;10100.0;4
208900;;;TRANSLATOR_GRAPHITE_MIST;XIRECS;11395.0;4
208900;;;TRANSLATOR_SPACE_GRAY;XIRECS;9147.0;4
208900;;;TRANSLATOR_VOID_BLUE;XIRECS;10772.0;4
209600;;;TRANSLATOR_ASTRO_BLACK;XIRECS;9401.0;2
209600;;;TRANSLATOR_ECLIPSE_CHARCOAL;XIRECS;10120.0;2
209600;;;TRANSLATOR_GRAPHITE_MIST;XIRECS;11396.0;2
209600;;;TRANSLATOR_SPACE_GRAY;XIRECS;9113.0;2
209600;;;TRANSLATOR_VOID_BLUE;XIRECS;10753.0;2
212000;;;TRANSLATOR_ASTRO_BLACK;XIRECS;9338.0;1
212000;;;TRANSLATOR_ECLIPSE_CHARCOAL;XIRECS;10110.0;1
212000;;;TRANSLATOR_GRAPHITE_MIST;XIRECS;11341.0;1
212000;;;TRANSLATOR_SPACE_GRAY;XIRECS;9126.0;1
212000;;;TRANSLATOR_VOID_BLUE;XIRECS;10809.0;1
214000;;;TRANSLATOR_ASTRO_BLACK;XIRECS;9260.0;3
214000;;;TRANSLATOR_ECLIPSE_CHARCOAL;XIRECS;10115.0;3
214000;;;TRANSLATOR_GRAPHITE_MIST;XIRECS;11324.0;3
214000;;;TRANSLATOR_SPACE_GRAY;XIRECS;9095.0;3
214000;;;TRANSLATOR_VOID_BLUE;XIRECS;10819.0;3
214800;;;TRANSLATOR_ASTRO_BLACK;XIRECS;9275.0;3
214800;;;TRANSLATOR_ECLIPSE_CHARCOAL;XIRECS;10121.0;3
214800;;;TRANSLATOR_GRAPHITE_MIST;XIRECS;11322.0;3
214800;;;TRANSLATOR_SPACE_GRAY;XIRECS;9077.0;3
214800;;;TRANSLATOR_VOID_BLUE;XIRECS;10783.0;3
216100;;;TRANSLATOR_ASTRO_BLACK;XIRECS;9261.0;4
216100;;;TRANSLATOR_ECLIPSE_CHARCOAL;XIRECS;10165.0;4
216100;;;TRANSLATOR_GRAPHITE_MIST;XIRECS;11291.0;4
216100;;;TRANSLATOR_SPACE_GRAY;XIRECS;9092.0;4
216100;;;TRANSLATOR_VOID_BLUE;XIRECS;10771.0;4
219500;;;TRANSLATOR_ASTRO_BLACK;XIRECS;9242.0;4
219500;;;TRANSLATOR_ECLIPSE_CHARCOAL;XIRECS;10164.0;4
219500;;;TRANSLATOR_GRAPHITE_MIST;XIRECS;11196.0;4
219500;;;TRANSLATOR_SPACE_GRAY;XIRECS;9202.0;4
219500;;;TRANSLATOR_VOID_BLUE;XIRECS;10778.0;4
219900;;;TRANSLATOR_ASTRO_BLACK;XIRECS;9277.0;4
219900;;;TRANSLATOR_ECLIPSE_CHARCOAL;XIRECS;10181.0;4
219900;;;TRANSLATOR_GRAPHITE_MIST;XIRECS;11226.0;4
219900;;;TRANSLATOR_SPACE_GRAY;XIRECS;9220.0;4
219900;;;TRANSLATOR_VOID_BLUE;XIRECS;10784.0;4
224400;;;TRANSLATOR_ASTRO_BLACK;XIRECS;9275.0;1
224400;;;TRANSLATOR_ECLIPSE_CHARCOAL;XIRECS;10203.0;1
224400;;;TRANSLATOR_GRAPHITE_MIST;XIRECS;11303.0;1
224400;;;TRANSLATOR_SPACE_GRAY;XIRECS;9393.0;1
224400;;;TRANSLATOR_VOID_BLUE;XIRECS;10758.0;1
227600;;;TRANSLATOR_ASTRO_BLACK;XIRECS;9361.0;1
227600;;;TRANSLATOR_ECLIPSE_CHARCOAL;XIRECS;10158.0;1
227600;;;TRANSLATOR_GRAPHITE_MIST;XIRECS;11243.0;1
227600;;;TRANSLATOR_SPACE_GRAY;XIRECS;9376.0;1
227600;;;TRANSLATOR_VOID_BLUE;XIRECS;10714.0;1
229700;;;TRANSLATOR_ASTRO_BLACK;XIRECS;9397.0;4
229700;;;TRANSLATOR_ECLIPSE_CHARCOAL;XIRECS;10177.0;4
229700;;;TRANSLATOR_GRAPHITE_MIST;XIRECS;11221.0;4
229700;;;TRANSLATOR_SPACE_GRAY;XIRECS;9422.0;4
229700;;;TRANSLATOR_VOID_BLUE;XIRECS;10767.0;4
242500;;;TRANSLATOR_ASTRO_BLACK;XIRECS;9216.0;1
242500;;;TRANSLATOR_ECLIPSE_CHARCOAL;XIRECS;10080.0;1
242500;;;TRANSLATOR_GRAPHITE_MIST;XIRECS;11113.0;1
242500;;;TRANSLATOR_SPACE_GRAY;XIRECS;9329.0;1
242500;;;TRANSLATOR_VOID_BLUE;XIRECS;10952.0;1
246500;;;TRANSLATOR_ASTRO_BLACK;XIRECS;9194.0;3
246500;;;TRANSLATOR_ECLIPSE_CHARCOAL;XIRECS;10157.0;3
246500;;;TRANSLATOR_GRAPHITE_MIST;XIRECS;11120.0;3
246500;;;TRANSLATOR_SPACE_GRAY;XIRECS;9305.0;3
246500;;;TRANSLATOR_VOID_BLUE;XIRECS;10965.0;3
249500;;;TRANSLATOR_ASTRO_BLACK;XIRECS;9212.0;3
249500;;;TRANSLATOR_ECLIPSE_CHARCOAL;XIRECS;10159.0;3
249500;;;TRANSLATOR_GRAPHITE_MIST;XIRECS;11164.0;3
249500;;;TRANSLATOR_SPACE_GRAY;XIRECS;9287.0;3
249500;;;TRANSLATOR_VOID_BLUE;XIRECS;10959.0;3
250500;;;TRANSLATOR_ASTRO_BLACK;XIRECS;9186.0;4
250500;;;TRANSLATOR_ECLIPSE_CHARCOAL;XIRECS;10081.0;4
250500;;;TRANSLATOR_GRAPHITE_MIST;XIRECS;11153.0;4
250500;;;TRANSLATOR_SPACE_GRAY;XIRECS;9288.0;4
250500;;;TRANSLATOR_VOID_BLUE;XIRECS;10936.0;4
254400;;;TRANSLATOR_ASTRO_BLACK;XIRECS;9288.0;2
254400;;;TRANSLATOR_ECLIPSE_CHARCOAL;XIRECS;9999.0;2
254400;;;TRANSLATOR_GRAPHITE_MIST;XIRECS;11125.0;2
254400;;;TRANSLATOR_SPACE_GRAY;XIRECS;9305.0;2
254400;;;TRANSLATOR_VOID_BLUE;XIRECS;10917.0;2
257900;;;TRANSLATOR_ASTRO_BLACK;XIRECS;9248.0;3
257900;;;TRANSLATOR_ECLIPSE_CHARCOAL;XIRECS;9880.0;3
257900;;;TRANSLATOR_GRAPHITE_MIST;XIRECS;11027.0;3
257900;;;TRANSLATOR_SPACE_GRAY;XIRECS;9221.0;3
257900;;;TRANSLATOR_VOID_BLUE;XIRECS;10860.0;3
259700;;;TRANSLATOR_ASTRO_BLACK;XIRECS;9346.0;1
259700;;;TRANSLATOR_ECLIPSE_CHARCOAL;XIRECS;9918.0;1
259700;;;TRANSLATOR_GRAPHITE_MIST;XIRECS;11040.0;1
259700;;;TRANSLATOR_SPACE_GRAY;XIRECS;9202.0;1
259700;;;TRANSLATOR_VOID_BLUE;XIRECS;10817.0;1
275800;;;TRANSLATOR_ASTRO_BLACK;XIRECS;9270.0;3
275800;;;TRANSLATOR_ECLIPSE_CHARCOAL;XIRECS;10057.0;3
275800;;;TRANSLATOR_GRAPHITE_MIST;XIRECS;10884.0;3
275800;;;TRANSLATOR_SPACE_GRAY;XIRECS;9119.0;3
275800;;;TRANSLATOR_VOID_BLUE;XIRECS;10893.0;3
277100;;;TRANSLATOR_ASTRO_BLACK;XIRECS;9265.0;3
277100;;;TRANSLATOR_ECLIPSE_CHARCOAL;XIRECS;10022.0;3
277100;;;TRANSLATOR_GRAPHITE_MIST;XIRECS;10854.0;3
277100;;;TRANSLATOR_SPACE_GRAY;XIRECS;9148.0;3
277100;;;TRANSLATOR_VOID_BLUE;XIRECS;10953.0;3
277200;;;TRANSLATOR_ASTRO_BLACK;XIRECS;9284.0;2
277200;;;TRANSLATOR_ECLIPSE_CHARCOAL;XIRECS;10028.0;2
277200;;;TRANSLATOR_GRAPHITE_MIST;XIRECS;10859.0;2
277200;;;TRANSLATOR_SPACE_GRAY;XIRECS;9168.0;2
277200;;;TRANSLATOR_VOID_BLUE;XIRECS;10974.0;2
287300;;;TRANSLATOR_ASTRO_BLACK;XIRECS;9305.0;3
287300;;;TRANSLATOR_ECLIPSE_CHARCOAL;XIRECS;10084.0;3
287300;;;TRANSLATOR_GRAPHITE_MIST;XIRECS;10658.0;3
287300;;;TRANSLATOR_SPACE_GRAY;XIRECS;8989.0;3
287300;;;TRANSLATOR_VOID_BLUE;XIRECS;10969.0;3
290200;;;TRANSLATOR_ASTRO_BLACK;XIRECS;9258.0;4
290200;;;TRANSLATOR_ECLIPSE_CHARCOAL;XIRECS;10089.0;4
290200;;;TRANSLATOR_GRAPHITE_MIST;XIRECS;10649.0;4
290200;;;TRANSLATOR_SPACE_GRAY;XIRECS;9048.0;4
290200;;;TRANSLATOR_VOID_BLUE;XIRECS;10956.0;4
293000;;;TRANSLATOR_ASTRO_BLACK;XIRECS;9212.0;2
293000;;;TRANSLATOR_ECLIPSE_CHARCOAL;XIRECS;10095.0;2
293000;;;TRANSLATOR_GRAPHITE_MIST;XIRECS;10611.0;2
293000;;;TRANSLATOR_SPACE_GRAY;XIRECS;9049.0;2
293000;;;TRANSLATOR_VOID_BLUE;XIRECS;11059.0;2
299500;;;TRANSLATOR_ASTRO_BLACK;XIRECS;9115.0;1
299500;;;TRANSLATOR_ECLIPSE_CHARCOAL;XIRECS;10032.0;1
299500;;;TRANSLATOR_GRAPHITE_MIST;XIRECS;10634.0;1
299500;;;TRANSLATOR_SPACE_GRAY;XIRECS;9031.0;1
299500;;;TRANSLATOR_VOID_BLUE;XIRECS;11192.0;1
305400;;;TRANSLATOR_ASTRO_BLACK;XIRECS;9116.0;2
305400;;;TRANSLATOR_ECLIPSE_CHARCOAL;XIRECS;10092.0;2
305400;;;TRANSLATOR_GRAPHITE_MIST;XIRECS;10654.0;2
305400;;;TRANSLATOR_SPACE_GRAY;XIRECS;9073.0;2
305400;;;TRANSLATOR_VOID_BLUE;XIRECS;11222.0;2
306800;;;TRANSLATOR_ASTRO_BLACK;XIRECS;9112.0;4
306800;;;TRANSLATOR_ECLIPSE_CHARCOAL;XIRECS;10115.0;4
306800;;;TRANSLATOR_GRAPHITE_MIST;XIRECS;10708.0;4
306800;;;TRANSLATOR_SPACE_GRAY;XIRECS;9118.0;4
306800;;;TRANSLATOR_VOID_BLUE;XIRECS;11297.0;4
311900;;;TRANSLATOR_ASTRO_BLACK;XIRECS;9177.0;1
311900;;;TRANSLATOR_ECLIPSE_CHARCOAL;XIRECS;9985.0;1
311900;;;TRANSLATOR_GRAPHITE_MIST;XIRECS;10622.0;1
311900;;;TRANSLATOR_SPACE_GRAY;XIRECS;9026.0;1
311900;;;TRANSLATOR_VOID_BLUE;XIRECS;11279.0;1
312100;;;TRANSLATOR_ASTRO_BLACK;XIRECS;9151.0;1
312100;;;TRANSLATOR_ECLIPSE_CHARCOAL;XIRECS;9991.0;1
312100;;;TRANSLATOR_GRAPHITE_MIST;XIRECS;10634.0;1
312100;;;TRANSLATOR_SPACE_GRAY;XIRECS;8989.0;1
312100;;;TRANSLATOR_VOID_BLUE;XIRECS;11286.0;1
316300;;;TRANSLATOR_ASTRO_BLACK;XIRECS;9219.0;4
316300;;;TRANSLATOR_ECLIPSE_CHARCOAL;XIRECS;10046.0;4
316300;;;TRANSLATOR_GRAPHITE_MIST;XIRECS;10702.0;4
316300;;;TRANSLATOR_SPACE_GRAY;XIRECS;8835.0;4
316300;;;TRANSLATOR_VOID_BLUE;XIRECS;11411.0;4
317500;;;TRANSLATOR_ASTRO_BLACK;XIRECS;9223.0;3
317500;;;TRANSLATOR_ECLIPSE_CHARCOAL;XIRECS;10014.0;3
317500;;;TRANSLATOR_GRAPHITE_MIST;XIRECS;10671.0;3
317500;;;TRANSLATOR_SPACE_GRAY;XIRECS;8804.0;3
317500;;;TRANSLATOR_VOID_BLUE;XIRECS;11447.0;3
318000;;;TRANSLATOR_ASTRO_BLACK;XIRECS;9213.0;3
318000;;;TRANSLATOR_ECLIPSE_CHARCOAL;XIRECS;10025.0;3
318000;;;TRANSLATOR_GRAPHITE_MIST;XIRECS;10634.0;3
318000;;;TRANSLATOR_SPACE_GRAY;XIRECS;8829.0;3
318000;;;TRANSLATOR_VOID_BLUE;XIRECS;11451.0;3
320900;;;TRANSLATOR_ASTRO_BLACK;XIRECS;9178.0;4
320900;;;TRANSLATOR_ECLIPSE_CHARCOAL;XIRECS;9987.0;4
320900;;;TRANSLATOR_GRAPHITE_MIST;XIRECS;10616.0;4
320900;;;TRANSLATOR_SPACE_GRAY;XIRECS;8763.0;4
320900;;;TRANSLATOR_VOID_BLUE;XIRECS;11487.0;4
322300;;;TRANSLATOR_ASTRO_BLACK;XIRECS;9117.0;2
322300;;;TRANSLATOR_ECLIPSE_CHARCOAL;XIRECS;9983.0;2
322300;;;TRANSLATOR_GRAPHITE_MIST;XIRECS;10591.0;2
322300;;;TRANSLATOR_SPACE_GRAY;XIRECS;8738.0;2
322300;;;TRANSLATOR_VOID_BLUE;XIRECS;11440.0;2
333200;;;TRANSLATOR_ASTRO_BLACK;XIRECS;9078.0;2
333200;;;TRANSLATOR_ECLIPSE_CHARCOAL;XIRECS;9961.0;2
333200;;;TRANSLATOR_GRAPHITE_MIST;XIRECS;10556.0;2
333200;;;TRANSLATOR_SPACE_GRAY;XIRECS;8824.0;2
333200;;;TRANSLATOR_VOID_BLUE;XIRECS;11525.0;2
336600;;;TRANSLATOR_ASTRO_BLACK;XIRECS;9060.0;1
336600;;;TRANSLATOR_ECLIPSE_CHARCOAL;XIRECS;9929.0;1
336600;;;TRANSLATOR_GRAPHITE_MIST;XIRECS;10515.0;1
336600;;;TRANSLATOR_SPACE_GRAY;XIRECS;8860.0;1
336600;;;TRANSLATOR_VOID_BLUE;XIRECS;11540.0;1
341500;;;TRANSLATOR_ASTRO_BLACK;XIRECS;9065.0;2
341500;;;TRANSLATOR_ECLIPSE_CHARCOAL;XIRECS;9876.0;2
341500;;;TRANSLATOR_GRAPHITE_MIST;XIRECS;10396.0;2
341500;;;TRANSLATOR_SPACE_GRAY;XIRECS;8889.0;2
341500;;;TRANSLATOR_VOID_BLUE;XIRECS;11513.0;2
343400;;;TRANSLATOR_ASTRO_BLACK;XIRECS;9064.0;1
343400;;;TRANSLATOR_ECLIPSE_CHARCOAL;XIRECS;9846.0;1
343400;;;TRANSLATOR_GRAPHITE_MIST;XIRECS;10441.0;1
343400;;;TRANSLATOR_SPACE_GRAY;XIRECS;8910.0;1
343400;;;TRANSLATOR_VOID_BLUE;XIRECS;11502.0;1
352800;;;TRANSLATOR_ASTRO_BLACK;XIRECS;8978.0;2
352800;;;TRANSLATOR_ECLIPSE_CHARCOAL;XIRECS;9879.0;2
352800;;;TRANSLATOR_GRAPHITE_MIST;XIRECS;10521.0;2
352800;;;TRANSLATOR_SPACE_GRAY;XIRECS;8910.0;2
352800;;;TRANSLATOR_VOID_BLUE;XIRECS;11440.0;2
355100;;;TRANSLATOR_ASTRO_BLACK;XIRECS;8957.0;1
355100;;;TRANSLATOR_ECLIPSE_CHARCOAL;XIRECS;9876.0;1
355100;;;TRANSLATOR_GRAPHITE_MIST;XIRECS;10532.0;1
355100;;;TRANSLATOR_SPACE_GRAY;XIRECS;8877.0;1
355100;;;TRANSLATOR_VOID_BLUE;XIRECS;11465.0;1
356800;;;TRANSLATOR_ASTRO_BLACK;XIRECS;8940.0;2
356800;;;TRANSLATOR_ECLIPSE_CHARCOAL;XIRECS;9977.0;2
356800;;;TRANSLATOR_GRAPHITE_MIST;XIRECS;10515.0;2
356800;;;TRANSLATOR_SPACE_GRAY;XIRECS;8879.0;2
356800;;;TRANSLATOR_VOID_BLUE;XIRECS;11503.0;2
361100;;;TRANSLATOR_ASTRO_BLACK;XIRECS;9009.0;1
361100;;;TRANSLATOR_ECLIPSE_CHARCOAL;XIRECS;9931.0;1
361100;;;TRANSLATOR_GRAPHITE_MIST;XIRECS;10505.0;1
361100;;;TRANSLATOR_SPACE_GRAY;XIRECS;8912.0;1
361100;;;TRANSLATOR_VOID_BLUE;XIRECS;11568.0;1
363500;;;TRANSLATOR_ASTRO_BLACK;XIRECS;9048.0;1
363500;;;TRANSLATOR_ECLIPSE_CHARCOAL;XIRECS;9954.0;1
363500;;;TRANSLATOR_GRAPHITE_MIST;XIRECS;10423.0;1
363500;;;TRANSLATOR_SPACE_GRAY;XIRECS;8990.0;1
363500;;;TRANSLATOR_VOID_BLUE;XIRECS;11542.0;1
370200;;;TRANSLATOR_ASTRO_BLACK;XIRECS;9120.0;4
370200;;;TRANSLATOR_ECLIPSE_CHARCOAL;XIRECS;9975.0;4
370200;;;TRANSLATOR_GRAPHITE_MIST;XIRECS;10346.0;4
370200;;;TRANSLATOR_SPACE_GRAY;XIRECS;9009.0;4
370200;;;TRANSLATOR_VOID_BLUE;XIRECS;11495.0;4
384300;;;TRANSLATOR_ASTRO_BLACK;XIRECS;9296.0;4
384300;;;TRANSLATOR_ECLIPSE_CHARCOAL;XIRECS;9806.0;4
384300;;;TRANSLATOR_GRAPHITE_MIST;XIRECS;10310.0;4
384300;;;TRANSLATOR_SPACE_GRAY;XIRECS;9132.0;4
384300;;;TRANSLATOR_VOID_BLUE;XIRECS;11554.0;4
385700;;;TRANSLATOR_ASTRO_BLACK;XIRECS;9338.0;1
385700;;;TRANSLATOR_ECLIPSE_CHARCOAL;XIRECS;9804.0;1
385700;;;TRANSLATOR_GRAPHITE_MIST;XIRECS;10364.0;1
385700;;;TRANSLATOR_SPACE_GRAY;XIRECS;9136.0;1
385700;;;TRANSLATOR_VOID_BLUE;XIRECS;11545.0;1
391500;;;TRANSLATOR_ASTRO_BLACK;XIRECS;9383.0;1
391500;;;TRANSLATOR_ECLIPSE_CHARCOAL;XIRECS;9801.0;1
391500;;;TRANSLATOR_GRAPHITE_MIST;XIRECS;10302.0;1
391500;;;TRANSLATOR_SPACE_GRAY;XIRECS;9095.0;1
391500;;;TRANSLATOR_VOID_BLUE;XIRECS;11544.0;1
392800;;;TRANSLATOR_ASTRO_BLACK;XIRECS;9395.0;2
392800;;;TRANSLATOR_ECLIPSE_CHARCOAL;XIRECS;9805.0;2
392800;;;TRANSLATOR_GRAPHITE_MIST;XIRECS;10336.0;2
392800;;;TRANSLATOR_SPACE_GRAY;XIRECS;9034.0;2
392800;;;TRANSLATOR_VOID_BLUE;XIRECS;11518.0;2
403400;;;TRANSLATOR_ASTRO_BLACK;XIRECS;9447.0;1
403400;;;TRANSLATOR_ECLIPSE_CHARCOAL;XIRECS;9800.0;1
403400;;;TRANSLATOR_GRAPHITE_MIST;XIRECS;10526.0;1
403400;;;TRANSLATOR_SPACE_GRAY;XIRECS;8990.0;1
403400;;;TRANSLATOR_VOID_BLUE;XIRECS;11472.0;1
407100;;;TRANSLATOR_ASTRO_BLACK;XIRECS;9487.0;4
407100;;;TRANSLATOR_ECLIPSE_CHARCOAL;XIRECS;9805.0;4
407100;;;TRANSLATOR_GRAPHITE_MIST;XIRECS;10497.0;4
407100;;;TRANSLATOR_SPACE_GRAY;XIRECS;9012.0;4
407100;;;TRANSLATOR_VOID_BLUE;XIRECS;11559.0;4
416300;;;TRANSLATOR_ASTRO_BLACK;XIRECS;9479.0;4
416300;;;TRANSLATOR_ECLIPSE_CHARCOAL;XIRECS;9892.0;4
416300;;;TRANSLATOR_GRAPHITE_MIST;XIRECS;10441.0;4
416300;;;TRANSLATOR_SPACE_GRAY;XIRECS;9013.0;4
416300;;;TRANSLATOR_VOID_BLUE;XIRECS;11630.0;4
425200;;;TRANSLATOR_ASTRO_BLACK;XIRECS;9412.0;4
425200;;;TRANSLATOR_ECLIPSE_CHARCOAL;XIRECS;9877.0;4
425200;;;TRANSLATOR_GRAPHITE_MIST;XIRECS;10513.0;4
425200;;;TRANSLATOR_SPACE_GRAY;XIRECS;9022.0;4
425200;;;TRANSLATOR_VOID_BLUE;XIRECS;11504.0;4
427300;;;TRANSLATOR_ASTRO_BLACK;XIRECS;9353.0;3
427300;;;TRANSLATOR_ECLIPSE_CHARCOAL;XIRECS;9871.0;3
427300;;;TRANSLATOR_GRAPHITE_MIST;XIRECS;10471.0;3
427300;;;TRANSLATOR_SPACE_GRAY;XIRECS;9057.0;3
427300;;;TRANSLATOR_VOID_BLUE;XIRECS;11505.0;3
428900;;;TRANSLATOR_ASTRO_BLACK;XIRECS;9375.0;1
428900;;;TRANSLATOR_ECLIPSE_CHARCOAL;XIRECS;9831.0;1
428900;;;TRANSLATOR_GRAPHITE_MIST;XIRECS;10410.0;1
428900;;;TRANSLATOR_SPACE_GRAY;XIRECS;9112.0;1
428900;;;TRANSLATOR_VOID_BLUE;XIRECS;11487.0;1
441900;;;TRANSLATOR_ASTRO_BLACK;XIRECS;9477.0;1
441900;;;TRANSLATOR_ECLIPSE_CHARCOAL;XIRECS;9866.0;1
441900;;;TRANSLATOR_GRAPHITE_MIST;XIRECS;10199.0;1
441900;;;TRANSLATOR_SPACE_GRAY;XIRECS;9162.0;1
441900;;;TRANSLATOR_VOID_BLUE;XIRECS;11520.0;1
448700;;;TRANSLATOR_ASTRO_BLACK;XIRECS;9439.0;3
448700;;;TRANSLATOR_ECLIPSE_CHARCOAL;XIRECS;9832.0;3
448700;;;TRANSLATOR_GRAPHITE_MIST;XIRECS;10202.0;3
448700;;;TRANSLATOR_SPACE_GRAY;XIRECS;9139.0;3
448700;;;TRANSLATOR_VOID_BLUE;XIRECS;11435.0;3
450300;;;TRANSLATOR_ASTRO_BLACK;XIRECS;9478.0;1
450300;;;TRANSLATOR_ECLIPSE_CHARCOAL;XIRECS;9845.0;1
450300;;;TRANSLATOR_GRAPHITE_MIST;XIRECS;10225.0;1
450300;;;TRANSLATOR_SPACE_GRAY;XIRECS;9205.0;1
450300;;;TRANSLATOR_VOID_BLUE;XIRECS;11458.0;1
451800;;;TRANSLATOR_ASTRO_BLACK;XIRECS;9516.0;3
451800;;;TRANSLATOR_ECLIPSE_CHARCOAL;XIRECS;9861.0;3
451800;;;TRANSLATOR_GRAPHITE_MIST;XIRECS;10275.0;3
451800;;;TRANSLATOR_SPACE_GRAY;XIRECS;9223.0;3
451800;;;TRANSLATOR_VOID_BLUE;XIRECS;11476.0;3
453100;;;TRANSLATOR_ASTRO_BLACK;XIRECS;9577.0;4
453100;;;TRANSLATOR_ECLIPSE_CHARCOAL;XIRECS;9844.0;4
453100;;;TRANSLATOR_GRAPHITE_MIST;XIRECS;10240.0;4
453100;;;TRANSLATOR_SPACE_GRAY;XIRECS;9253.0;4
453100;;;TRANSLATOR_VOID_BLUE;XIRECS;11536.0;4
455100;;;TRANSLATOR_ASTRO_BLACK;XIRECS;9594.0;2
455100;;;TRANSLATOR_ECLIPSE_CHARCOAL;XIRECS;9856.0;2
455100;;;TRANSLATOR_GRAPHITE_MIST;XIRECS;10232.0;2
455100;;;TRANSLATOR_SPACE_GRAY;XIRECS;9186.0;2
455100;;;TRANSLATOR_VOID_BLUE;XIRECS;11510.0;2
461500;;;TRANSLATOR_ASTRO_BLACK;XIRECS;9526.0;2
461500;;;TRANSLATOR_ECLIPSE_CHARCOAL;XIRECS;9670.0;2
461500;;;TRANSLATOR_GRAPHITE_MIST;XIRECS;10053.0;2
461500;;;TRANSLATOR_SPACE_GRAY;XIRECS;9117.0;2
461500;;;TRANSLATOR_VOID_BLUE;XIRECS;11556.0;2
469900;;;TRANSLATOR_ASTRO_BLACK;XIRECS;9508.0;1
469900;;;TRANSLATOR_ECLIPSE_CHARCOAL;XIRECS;9637.0;1
469900;;;TRANSLATOR_GRAPHITE_MIST;XIRECS;10074.0;1
469900;;;TRANSLATOR_SPACE_GRAY;XIRECS;8965.0;1
469900;;;TRANSLATOR_VOID_BLUE;XIRECS;11497.0;1
470800;;;TRANSLATOR_ASTRO_BLACK;XIRECS;9541.0;3
470800;;;TRANSLATOR_ECLIPSE_CHARCOAL;XIRECS;9636.0;3
470800;;;TRANSLATOR_GRAPHITE_MIST;XIRECS;10090.0;3
470800;;;TRANSLATOR_SPACE_GRAY;XIRECS;8947.0;3
470800;;;TRANSLATOR_VOID_BLUE;XIRECS;11498.0;3
473300;;;TRANSLATOR_ASTRO_BLACK;XIRECS;9502.0;3
473300;;;TRANSLATOR_ECLIPSE_CHARCOAL;XIRECS;9675.0;3
473300;;;TRANSLATOR_GRAPHITE_MIST;XIRECS;10096.0;3
473300;;;TRANSLATOR_SPACE_GRAY;XIRECS;8990.0;3
473300;;;TRANSLATOR_VOID_BLUE;XIRECS;11427.0;3
475700;;;TRANSLATOR_ASTRO_BLACK;XIRECS;9427.0;4
475700;;;TRANSLATOR_ECLIPSE_CHARCOAL;XIRECS;9736.0;4
475700;;;TRANSLATOR_GRAPHITE_MIST;XIRECS;10193.0;4
475700;;;TRANSLATOR_SPACE_GRAY;XIRECS;9004.0;4
475700;;;TRANSLATOR_VOID_BLUE;XIRECS;11490.0;4
479500;;;TRANSLATOR_ASTRO_BLACK;XIRECS;9392.0;2
479500;;;TRANSLATOR_ECLIPSE_CHARCOAL;XIRECS;9786.0;2
479500;;;TRANSLATOR_GRAPHITE_MIST;XIRECS;10096.0;2
479500;;;TRANSLATOR_SPACE_GRAY;XIRECS;8978.0;2
479500;;;TRANSLATOR_VOID_BLUE;XIRECS;11592.0;2
487300;;;TRANSLATOR_ASTRO_BLACK;XIRECS;9447.0;1
487300;;;TRANSLATOR_ECLIPSE_CHARCOAL;XIRECS;10002.0;1
487300;;;TRANSLATOR_GRAPHITE_MIST;XIRECS;10194.0;1
487300;;;TRANSLATOR_SPACE_GRAY;XIRECS;8879.0;1
487300;;;TRANSLATOR_VOID_BLUE;XIRECS;11652.0;1
491600;;;TRANSLATOR_ASTRO_BLACK;XIRECS;9193.0;2
491600;;;TRANSLATOR_ECLIPSE_CHARCOAL;XIRECS;9929.0;2
491600;;;TRANSLATOR_GRAPHITE_MIST;XIRECS;10160.0;2
491600;;;TRANSLATOR_SPACE_GRAY;XIRECS;8929.0;2
491600;;;TRANSLATOR_VOID_BLUE;XIRECS;11705.0;2
492000;;;TRANSLATOR_ASTRO_BLACK;XIRECS;9176.0;3
492000;;;TRANSLATOR_ECLIPSE_CHARCOAL;XIRECS;9931.0;3
492000;;;TRANSLATOR_GRAPHITE_MIST;XIRECS;10153.0;3
492000;;;TRANSLATOR_SPACE_GRAY;XIRECS;8969.0;3
492000;;;TRANSLATOR_VOID_BLUE;XIRECS;11696.0;3
492100;;;TRANSLATOR_ASTRO_BLACK;XIRECS;9169.0;2
492100;;;TRANSLATOR_ECLIPSE_CHARCOAL;XIRECS;9935.0;2
492100;;;TRANSLATOR_GRAPHITE_MIST;XIRECS;10144.0;2
492100;;;TRANSLATOR_SPACE_GRAY;XIRECS;8961.0;2
492100;;;TRANSLATOR_VOID_BLUE;XIRECS;11684.0;2
497300;;;TRANSLATOR_ASTRO_BLACK;XIRECS;9238.0;4
497300;;;TRANSLATOR_ECLIPSE_CHARCOAL;XIRECS;9915.0;4
497300;;;TRANSLATOR_GRAPHITE_MIST;XIRECS;10181.0;4
497300;;;TRANSLATOR_SPACE_GRAY;XIRECS;8933.0;4
497300;;;TRANSLATOR_VOID_BLUE;XIRECS;11662.0;4
497700;;;TRANSLATOR_ASTRO_BLACK;XIRECS;9225.0;1
497700;;;TRANSLATOR_ECLIPSE_CHARCOAL;XIRECS;9900.0;1
497700;;;TRANSLATOR_GRAPHITE_MIST;XIRECS;10181.0;1
497700;;;TRANSLATOR_SPACE_GRAY;XIRECS;8959.0;1
497700;;;TRANSLATOR_VOID_BLUE;XIRECS;11714.0;1
498900;;;TRANSLATOR_ASTRO_BLACK;XIRECS;9266.0;4
498900;;;TRANSLATOR_ECLIPSE_CHARCOAL;XIRECS;9915.0;4
498900;;;TRANSLATOR_GRAPHITE_MIST;XIRECS;10132.0;4
498900;;;TRANSLATOR_SPACE_GRAY;XIRECS;9011.0;4
498900;;;TRANSLATOR_VOID_BLUE;XIRECS;11702.0;4
507300;;;TRANSLATOR_ASTRO_BLACK;XIRECS;9253.0;3
507300;;;TRANSLATOR_ECLIPSE_CHARCOAL;XIRECS;9897.0;3
507300;;;TRANSLATOR_GRAPHITE_MIST;XIRECS;10271.0;3
507300;;;TRANSLATOR_SPACE_GRAY;XIRECS;8963.0;3
507300;;;TRANSLATOR_VOID_BLUE;XIRECS;11703.0;3
510200;;;TRANSLATOR_ASTRO_BLACK;XIRECS;9283.0;2
510200;;;TRANSLATOR_ECLIPSE_CHARCOAL;XIRECS;9836.0;2
510200;;;TRANSLATOR_GRAPHITE_MIST;XIRECS;10236.0;2
510200;;;TRANSLATOR_SPACE_GRAY;XIRECS;8963.0;2
510200;;;TRANSLATOR_VOID_BLUE;XIRECS;11650.0;2
537500;;;TRANSLATOR_ASTRO_BLACK;XIRECS;9224.0;4
537500;;;TRANSLATOR_ECLIPSE_CHARCOAL;XIRECS;9833.0;4
537500;;;TRANSLATOR_GRAPHITE_MIST;XIRECS;10264.0;4
537500;;;TRANSLATOR_SPACE_GRAY;XIRECS;9128.0;4
537500;;;TRANSLATOR_VOID_BLUE;XIRECS;11481.0;4
538400;;;TRANSLATOR_ASTRO_BLACK;XIRECS;9250.0;2
538400;;;TRANSLATOR_ECLIPSE_CHARCOAL;XIRECS;9751.0;2
538400;;;TRANSLATOR_GRAPHITE_MIST;XIRECS;10324.0;2
538400;;;TRANSLATOR_SPACE_GRAY;XIRECS;9167.0;2
538400;;;TRANSLATOR_VOID_BLUE;XIRECS;11444.0;2
539900;;;TRANSLATOR_ASTRO_BLACK;XIRECS;9275.0;1
539900;;;TRANSLATOR_ECLIPSE_CHARCOAL;XIRECS;9735.0;1
539900;;;TRANSLATOR_GRAPHITE_MIST;XIRECS;10356.0;1
539900;;;TRANSLATOR_SPACE_GRAY;XIRECS;9169.0;1
539900;;;TRANSLATOR_VOID_BLUE;XIRECS;11464.0;1
541500;;;TRANSLATOR_ASTRO_BLACK;XIRECS;9272.0;3
541500;;;TRANSLATOR_ECLIPSE_CHARCOAL;XIRECS;9757.0;3
541500;;;TRANSLATOR_GRAPHITE_MIST;XIRECS;10449.0;3
541500;;;TRANSLATOR_SPACE_GRAY;XIRECS;9180.0;3
541500;;;TRANSLATOR_VOID_BLUE;XIRECS;11456.0;3
555400;;;TRANSLATOR_ASTRO_BLACK;XIRECS;9165.0;1
555400;;;TRANSLATOR_ECLIPSE_CHARCOAL;XIRECS;9790.0;1
555400;;;TRANSLATOR_GRAPHITE_MIST;XIRECS;10418.0;1
555400;;;TRANSLATOR_SPACE_GRAY;XIRECS;9137.0;1
555400;;;TRANSLATOR_VOID_BLUE;XIRECS;11531.0;1
556900;;;TRANSLATOR_ASTRO_BLACK;XIRECS;9137.0;1
556900;;;TRANSLATOR_ECLIPSE_CHARCOAL;XIRECS;9786.0;1
556900;;;TRANSLATOR_GRAPHITE_MIST;XIRECS;10458.0;1
556900;;;TRANSLATOR_SPACE_GRAY;XIRECS;9100.0;1
556900;;;TRANSLATOR_VOID_BLUE;XIRECS;11544.0;1
559600;;;TRANSLATOR_ASTRO_BLACK;XIRECS;9139.0;1
559600;;;TRANSLATOR_ECLIPSE_CHARCOAL;XIRECS;9725.0;1
559600;;;TRANSLATOR_GRAPHITE_MIST;XIRECS;10532.0;1
559600;;;TRANSLATOR_SPACE_GRAY;XIRECS;9098.0;1
559600;;;TRANSLATOR_VOID_BLUE;XIRECS;11564.0;1
561700;;;TRANSLATOR_ASTRO_BLACK;XIRECS;9065.0;2
561700;;;TRANSLATOR_ECLIPSE_CHARCOAL;XIRECS;9785.0;2
561700;;;TRANSLATOR_GRAPHITE_MIST;XIRECS;10549.0;2
561700;;;TRANSLATOR_SPACE_GRAY;XIRECS;9081.0;2
561700;;;TRANSLATOR_VOID_BLUE;XIRECS;11592.0;2
563600;;;TRANSLATOR_ASTRO_BLACK;XIRECS;8999.0;2
563600;;;TRANSLATOR_ECLIPSE_CHARCOAL;XIRECS;9841.0;2
563600;;;TRANSLATOR_GRAPHITE_MIST;XIRECS;10529.0;2
563600;;;TRANSLATOR_SPACE_GRAY;XIRECS;9077.0;2
563600;;;TRANSLATOR_VOID_BLUE;XIRECS;11537.0;2
564200;;;TRANSLATOR_ASTRO_BLACK;XIRECS;8998.0;2
564200;;;TRANSLATOR_ECLIPSE_CHARCOAL;XIRECS;9827.0;2
564200;;;TRANSLATOR_GRAPHITE_MIST;XIRECS;10484.0;2
564200;;;TRANSLATOR_SPACE_GRAY;XIRECS;9067.0;2
564200;;;TRANSLATOR_VOID_BLUE;XIRECS;11562.0;2
564800;;;TRANSLATOR_ASTRO_BLACK;XIRECS;8982.0;2
564800;;;TRANSLATOR_ECLIPSE_CHARCOAL;XIRECS;9830.0;2
564800;;;TRANSLATOR_GRAPHITE_MIST;XIRECS;10470.0;2
564800;;;TRANSLATOR_SPACE_GRAY;XIRECS;9042.0;2
564800;;;TRANSLATOR_VOID_BLUE;XIRECS;11554.0;2
566900;;;TRANSLATOR_ASTRO_BLACK;XIRECS;9078.0;3
566900;;;TRANSLATOR_ECLIPSE_CHARCOAL;XIRECS;9915.0;3
566900;;;TRANSLATOR_GRAPHITE_MIST;XIRECS;10522.0;3
566900;;;TRANSLATOR_SPACE_GRAY;XIRECS;9075.0;3
566900;;;TRANSLATOR_VOID_BLUE;XIRECS;11567.0;3
576400;;;TRANSLATOR_ASTRO_BLACK;XIRECS;9253.0;4
576400;;;TRANSLATOR_ECLIPSE_CHARCOAL;XIRECS;9928.0;4
576400;;;TRANSLATOR_GRAPHITE_MIST;XIRECS;10559.0;4
576400;;;TRANSLATOR_SPACE_GRAY;XIRECS;9085.0;4
576400;;;TRANSLATOR_VOID_BLUE;XIRECS;11527.0;4
580400;;;TRANSLATOR_ASTRO_BLACK;XIRECS;9278.0;1
580400;;;TRANSLATOR_ECLIPSE_CHARCOAL;XIRECS;9797.0;1
580400;;;TRANSLATOR_GRAPHITE_MIST;XIRECS;10526.0;1
580400;;;TRANSLATOR_SPACE_GRAY;XIRECS;9097.0;1
580400;;;TRANSLATOR_VOID_BLUE;XIRECS;11547.0;1
583600;;;TRANSLATOR_ASTRO_BLACK;XIRECS;9334.0;2
583600;;;TRANSLATOR_ECLIPSE_CHARCOAL;XIRECS;9915.0;2
583600;;;TRANSLATOR_GRAPHITE_MIST;XIRECS;10464.0;2
583600;;;TRANSLATOR_SPACE_GRAY;XIRECS;9004.0;2
583600;;;TRANSLATOR_VOID_BLUE;XIRECS;11595.0;2
584700;;;TRANSLATOR_ASTRO_BLACK;XIRECS;9400.0;4
584700;;;TRANSLATOR_ECLIPSE_CHARCOAL;XIRECS;9832.0;4
584700;;;TRANSLATOR_GRAPHITE_MIST;XIRECS;10407.0;4
584700;;;TRANSLATOR_SPACE_GRAY;XIRECS;8981.0;4
584700;;;TRANSLATOR_VOID_BLUE;XIRECS;11618.0;4
586500;;;TRANSLATOR_ASTRO_BLACK;XIRECS;9384.0;2
586500;;;TRANSLATOR_ECLIPSE_CHARCOAL;XIRECS;9804.0;2
586500;;;TRANSLATOR_GRAPHITE_MIST;XIRECS;10397.0;2
586500;;;TRANSLATOR_SPACE_GRAY;XIRECS;8950.0;2
586500;;;TRANSLATOR_VOID_BLUE;XIRECS;11534.0;2
587300;;;TRANSLATOR_ASTRO_BLACK;XIRECS;9357.0;4
587300;;;TRANSLATOR_ECLIPSE_CHARCOAL;XIRECS;9805.0;4
587300;;;TRANSLATOR_GRAPHITE_MIST;XIRECS;10380.0;4
587300;;;TRANSLATOR_SPACE_GRAY;XIRECS;8949.0;4
587300;;;TRANSLATOR_VOID_BLUE;XIRECS;11556.0;4
591000;;;TRANSLATOR_ASTRO_BLACK;XIRECS;9340.0;1
591000;;;TRANSLATOR_ECLIPSE_CHARCOAL;XIRECS;9825.0;1
591000;;;TRANSLATOR_GRAPHITE_MIST;XIRECS;10389.0;1
591000;;;TRANSLATOR_SPACE_GRAY;XIRECS;8898.0;1
591000;;;TRANSLATOR_VOID_BLUE;XIRECS;11645.0;1
592800;;;TRANSLATOR_ASTRO_BLACK;XIRECS;9398.0;3
592800;;;TRANSLATOR_ECLIPSE_CHARCOAL;XIRECS;9873.0;3
592800;;;TRANSLATOR_GRAPHITE_MIST;XIRECS;10432.0;3
592800;;;TRANSLATOR_SPACE_GRAY;XIRECS;8879.0;3
592800;;;TRANSLATOR_VOID_BLUE;XIRECS;11755.0;3
596400;;;TRANSLATOR_ASTRO_BLACK;XIRECS;9424.0;3
596400;;;TRANSLATOR_ECLIPSE_CHARCOAL;XIRECS;9847.0;3
596400;;;TRANSLATOR_GRAPHITE_MIST;XIRECS;10345.0;3
596400;;;TRANSLATOR_SPACE_GRAY;XIRECS;8884.0;3
596400;;;TRANSLATOR_VOID_BLUE;XIRECS;11659.0;3
604000;;;TRANSLATOR_ASTRO_BLACK;XIRECS;9320.0;2
604000;;;TRANSLATOR_ECLIPSE_CHARCOAL;XIRECS;9790.0;2
604000;;;TRANSLATOR_GRAPHITE_MIST;XIRECS;10285.0;2
604000;;;TRANSLATOR_SPACE_GRAY;XIRECS;8924.0;2
604000;;;TRANSLATOR_VOID_BLUE;XIRECS;11594.0;2
613600;;;TRANSLATOR_ASTRO_BLACK;XIRECS;9308.0;2
613600;;;TRANSLATOR_ECLIPSE_CHARCOAL;XIRECS;9701.0;2
613600;;;TRANSLATOR_GRAPHITE_MIST;XIRECS;10218.0;2
613600;;;TRANSLATOR_SPACE_GRAY;XIRECS;8951.0;2
613600;;;TRANSLATOR_VOID_BLUE;XIRECS;11361.0;2
614700;;;TRANSLATOR_ASTRO_BLACK;XIRECS;9315.0;3
614700;;;TRANSLATOR_ECLIPSE_CHARCOAL;XIRECS;9667.0;3
614700;;;TRANSLATOR_GRAPHITE_MIST;XIRECS;10189.0;3
614700;;;TRANSLATOR_SPACE_GRAY;XIRECS;8938.0;3
614700;;;TRANSLATOR_VOID_BLUE;XIRECS;11324.0;3
618500;;;TRANSLATOR_ASTRO_BLACK;XIRECS;9293.0;3
618500;;;TRANSLATOR_ECLIPSE_CHARCOAL;XIRECS;9650.0;3
618500;;;TRANSLATOR_GRAPHITE_MIST;XIRECS;10064.0;3
618500;;;TRANSLATOR_SPACE_GRAY;XIRECS;8832.0;3
618500;;;TRANSLATOR_VOID_BLUE;XIRECS;11352.0;3
621300;;;TRANSLATOR_ASTRO_BLACK;XIRECS;9318.0;2
621300;;;TRANSLATOR_ECLIPSE_CHARCOAL;XIRECS;9625.0;2
621300;;;TRANSLATOR_GRAPHITE_MIST;XIRECS;10055.0;2
621300;;;TRANSLATOR_SPACE_GRAY;XIRECS;8881.0;2
621300;;;TRANSLATOR_VOID_BLUE;XIRECS;11360.0;2
621700;;;TRANSLATOR_ASTRO_BLACK;XIRECS;9314.0;3
621700;;;TRANSLATOR_ECLIPSE_CHARCOAL;XIRECS;9620.0;3
621700;;;TRANSLATOR_GRAPHITE_MIST;XIRECS;10045.0;3
621700;;;TRANSLATOR_SPACE_GRAY;XIRECS;8871.0;3
621700;;;TRANSLATOR_VOID_BLUE;XIRECS;11349.0;3
626300;;;TRANSLATOR_ASTRO_BLACK;XIRECS;9290.0;1
626300;;;TRANSLATOR_ECLIPSE_CHARCOAL;XIRECS;9726.0;1
626300;;;TRANSLATOR_GRAPHITE_MIST;XIRECS;10039.0;1
626300;;;TRANSLATOR_SPACE_GRAY;XIRECS;8849.0;1
626300;;;TRANSLATOR_VOID_BLUE;XIRECS;11356.0;1
634200;;;TRANSLATOR_ASTRO_BLACK;XIRECS;9263.0;1
634200;;;TRANSLATOR_ECLIPSE_CHARCOAL;XIRECS;9758.0;1
634200;;;TRANSLATOR_GRAPHITE_MIST;XIRECS;10048.0;1
634200;;;TRANSLATOR_SPACE_GRAY;XIRECS;9010.0;1
634200;;;TRANSLATOR_VOID_BLUE;XIRECS;11580.0;1
641300;;;TRANSLATOR_ASTRO_BLACK;XIRECS;9309.0;2
641300;;;TRANSLATOR_ECLIPSE_CHARCOAL;XIRECS;9686.0;2
641300;;;TRANSLATOR_GRAPHITE_MIST;XIRECS;10071.0;2
641300;;;TRANSLATOR_SPACE_GRAY;XIRECS;8952.0;2
641300;;;TRANSLATOR_VOID_BLUE;XIRECS;11594.0;2
657600;;;TRANSLATOR_ASTRO_BLACK;XIRECS;9297.0;4
657600;;;TRANSLATOR_ECLIPSE_CHARCOAL;XIRECS;9581.0;4
657600;;;TRANSLATOR_GRAPHITE_MIST;XIRECS;10282.0;4
657600;;;TRANSLATOR_SPACE_GRAY;XIRECS;8697.0;4
657600;;;TRANSLATOR_VOID_BLUE;XIRECS;11787.0;4
666100;;;TRANSLATOR_ASTRO_BLACK;XIRECS;9481.0;3
666100;;;TRANSLATOR_ECLIPSE_CHARCOAL;XIRECS;9704.0;3
666100;;;TRANSLATOR_GRAPHITE_MIST;XIRECS;10216.0;3
666100;;;TRANSLATOR_SPACE_GRAY;XIRECS;8632.0;3
666100;;;TRANSLATOR_VOID_BLUE;XIRECS;11796.0;3
668900;;;TRANSLATOR_ASTRO_BLACK;XIRECS;9520.0;1
668900;;;TRANSLATOR_ECLIPSE_CHARCOAL;XIRECS;9686.0;1
668900;;;TRANSLATOR_GRAPHITE_MIST;XIRECS;10274.0;1
668900;;;TRANSLATOR_SPACE_GRAY;XIRECS;8620.0;1
668900;;;TRANSLATOR_VOID_BLUE;XIRECS;11699.0;1
676800;;;TRANSLATOR_ASTRO_BLACK;XIRECS;9620.0;2
676800;;;TRANSLATOR_ECLIPSE_CHARCOAL;XIRECS;9734.0;2
676800;;;TRANSLATOR_GRAPHITE_MIST;XIRECS;10243.0;2
676800;;;TRANSLATOR_SPACE_GRAY;XIRECS;8661.0;2
676800;;;TRANSLATOR_VOID_BLUE;XIRECS;11512.0;2
679500;;;TRANSLATOR_ASTRO_BLACK;XIRECS;9638.0;2
679500;;;TRANSLATOR_ECLIPSE_CHARCOAL;XIRECS;9832.0;2
679500;;;TRANSLATOR_GRAPHITE_MIST;XIRECS;10246.0;2
679500;;;TRANSLATOR_SPACE_GRAY;XIRECS;8621.0;2
679500;;;TRANSLATOR_VOID_BLUE;XIRECS;11478.0;2
680300;;;TRANSLATOR_ASTRO_BLACK;XIRECS;9620.0;1
680300;;;TRANSLATOR_ECLIPSE_CHARCOAL;XIRECS;9840.0;1
680300;;;TRANSLATOR_GRAPHITE_MIST;XIRECS;10250.0;1
680300;;;TRANSLATOR_SPACE_GRAY;XIRECS;8627.0;1
680300;;;TRANSLATOR_VOID_BLUE;XIRECS;11491.0;1
683800;;;TRANSLATOR_ASTRO_BLACK;XIRECS;9487.0;2
683800;;;TRANSLATOR_ECLIPSE_CHARCOAL;XIRECS;9846.0;2
683800;;;TRANSLATOR_GRAPHITE_MIST;XIRECS;10137.0;2
683800;;;TRANSLATOR_SPACE_GRAY;XIRECS;8567.0;2
683800;;;TRANSLATOR_VOID_BLUE;XIRECS;11515.0;2
687500;;;TRANSLATOR_ASTRO_BLACK;XIRECS;9455.0;4
687500;;;TRANSLATOR_ECLIPSE_CHARCOAL;XIRECS;9781.0;4
687500;;;TRANSLATOR_GRAPHITE_MIST;XIRECS;10114.0;4
687500;;;TRANSLATOR_SPACE_GRAY;XIRECS;8575.0;4
687500;;;TRANSLATOR_VOID_BLUE;XIRECS;11478.0;4
693800;;;TRANSLATOR_ASTRO_BLACK;XIRECS;9337.0;4
693800;;;TRANSLATOR_ECLIPSE_CHARCOAL;XIRECS;9851.0;4
693800;;;TRANSLATOR_GRAPHITE_MIST;XIRECS;10009.0;4
693800;;;TRANSLATOR_SPACE_GRAY;XIRECS;8551.0;4
693800;;;TRANSLATOR_VOID_BLUE;XIRECS;11324.0;4
701400;;;TRANSLATOR_ASTRO_BLACK;XIRECS;9351.0;1
701400;;;TRANSLATOR_ECLIPSE_CHARCOAL;XIRECS;9724.0;1
701400;;;TRANSLATOR_GRAPHITE_MIST;XIRECS;10198.0;1
701400;;;TRANSLATOR_SPACE_GRAY;XIRECS;8533.0;1
701400;;;TRANSLATOR_VOID_BLUE;XIRECS;11368.0;1
712000;;;TRANSLATOR_ASTRO_BLACK;XIRECS;9386.0;2
712000;;;TRANSLATOR_ECLIPSE_CHARCOAL;XIRECS;9643.0;2
712000;;;TRANSLATOR_GRAPHITE_MIST;XIRECS;10037.0;2
712000;;;TRANSLATOR_SPACE_GRAY;XIRECS;8374.0;2
712000;;;TRANSLATOR_VOID_BLUE;XIRECS;11330.0;2
718400;;;TRANSLATOR_ASTRO_BLACK;XIRECS;9384.0;1
718400;;;TRANSLATOR_ECLIPSE_CHARCOAL;XIRECS;9682.0;1
718400;;;TRANSLATOR_GRAPHITE_MIST;XIRECS;10005.0;1
718400;;;TRANSLATOR_SPACE_GRAY;XIRECS;8199.0;1
718400;;;TRANSLATOR_VOID_BLUE;XIRECS;11252.0;1
725200;;;TRANSLATOR_ASTRO_BLACK;XIRECS;9267.0;2
725200;;;TRANSLATOR_ECLIPSE_CHARCOAL;XIRECS;9709.0;2
725200;;;TRANSLATOR_GRAPHITE_MIST;XIRECS;10089.0;2
725200;;;TRANSLATOR_SPACE_GRAY;XIRECS;8227.0;2
725200;;;TRANSLATOR_VOID_BLUE;XIRECS;11216.0;2
732500;;;TRANSLATOR_ASTRO_BLACK;XIRECS;9313.0;1
732500;;;TRANSLATOR_ECLIPSE_CHARCOAL;XIRECS;9610.0;1
732500;;;TRANSLATOR_GRAPHITE_MIST;XIRECS;10039.0;1
732500;;;TRANSLATOR_SPACE_GRAY;XIRECS;8171.0;1
732500;;;TRANSLATOR_VOID_BLUE;XIRECS;11153.0;1
735400;;;TRANSLATOR_ASTRO_BLACK;XIRECS;9310.0;4
735400;;;TRANSLATOR_ECLIPSE_CHARCOAL;XIRECS;9589.0;4
735400;;;TRANSLATOR_GRAPHITE_MIST;XIRECS;10082.0;4
735400;;;TRANSLATOR_SPACE_GRAY;XIRECS;8156.0;4
735400;;;TRANSLATOR_VOID_BLUE;XIRECS;11251.0;4
738500;;;TRANSLATOR_ASTRO_BLACK;XIRECS;9214.0;1
738500;;;TRANSLATOR_ECLIPSE_CHARCOAL;XIRECS;9635.0;1
738500;;;TRANSLATOR_GRAPHITE_MIST;XIRECS;10124.0;1
738500;;;TRANSLATOR_SPACE_GRAY;XIRECS;8195.0;1
738500;;;TRANSLATOR_VOID_BLUE;XIRECS;11218.0;1
740200;;;TRANSLATOR_ASTRO_BLACK;XIRECS;9267.0;3
740200;;;TRANSLATOR_ECLIPSE_CHARCOAL;XIRECS;9641.0;3
740200;;;TRANSLATOR_GRAPHITE_MIST;XIRECS;10109.0;3
740200;;;TRANSLATOR_SPACE_GRAY;XIRECS;8220.0;3
740200;;;TRANSLATOR_VOID_BLUE;XIRECS;11264.0;3
741800;;;TRANSLATOR_ASTRO_BLACK;XIRECS;9270.0;2
741800;;;TRANSLATOR_ECLIPSE_CHARCOAL;XIRECS;9685.0;2
741800;;;TRANSLATOR_GRAPHITE_MIST;XIRECS;10098.0;2
741800;;;TRANSLATOR_SPACE_GRAY;XIRECS;8204.0;2
741800;;;TRANSLATOR_VOID_BLUE;XIRECS;11231.0;2
748400;;;TRANSLATOR_ASTRO_BLACK;XIRECS;9167.0;4
748400;;;TRANSLATOR_ECLIPSE_CHARCOAL;XIRECS;9599.0;4
748400;;;TRANSLATOR_GRAPHITE_MIST;XIRECS;10059.0;4
748400;;;TRANSLATOR_SPACE_GRAY;XIRECS;8262.0;4
748400;;;TRANSLATOR_VOID_BLUE;XIRECS;11279.0;4
754600;;;TRANSLATOR_ASTRO_BLACK;XIRECS;8927.0;2
754600;;;TRANSLATOR_ECLIPSE_CHARCOAL;XIRECS;9517.0;2
754600;;;TRANSLATOR_GRAPHITE_MIST;XIRECS;10170.0;2
754600;;;TRANSLATOR_SPACE_GRAY;XIRECS;8363.0;2
754600;;;TRANSLATOR_VOID_BLUE;XIRECS;11221.0;2
756400;;;TRANSLATOR_ASTRO_BLACK;XIRECS;8959.0;1
756400;;;TRANSLATOR_ECLIPSE_CHARCOAL;XIRECS;9483.0;1
756400;;;TRANSLATOR_GRAPHITE_MIST;XIRECS;10118.0;1
756400;;;TRANSLATOR_SPACE_GRAY;XIRECS;8414.0;1
756400;;;TRANSLATOR_VOID_BLUE;XIRECS;11269.0;1
760200;;;TRANSLATOR_ASTRO_BLACK;XIRECS;8941.0;1
760200;;;TRANSLATOR_ECLIPSE_CHARCOAL;XIRECS;9570.0;1
760200;;;TRANSLATOR_GRAPHITE_MIST;XIRECS;10016.0;1
760200;;;TRANSLATOR_SPACE_GRAY;XIRECS;8462.0;1
760200;;;TRANSLATOR_VOID_BLUE;XIRECS;11302.0;1
764600;;;TRANSLATOR_ASTRO_BLACK;XIRECS;8866.0;2
764600;;;TRANSLATOR_ECLIPSE_CHARCOAL;XIRECS;9701.0;2
764600;;;TRANSLATOR_GRAPHITE_MIST;XIRECS;10052.0;2
764600;;;TRANSLATOR_SPACE_GRAY;XIRECS;8449.0;2
764600;;;TRANSLATOR_VOID_BLUE;XIRECS;11294.0;2
766000;;;TRANSLATOR_ASTRO_BLACK;XIRECS;8777.0;4
766000;;;TRANSLATOR_ECLIPSE_CHARCOAL;XIRECS;9700.0;4
766000;;;TRANSLATOR_GRAPHITE_MIST;XIRECS;10021.0;4
766000;;;TRANSLATOR_SPACE_GRAY;XIRECS;8448.0;4
766000;;;TRANSLATOR_VOID_BLUE;XIRECS;11253.0;4
771100;;;TRANSLATOR_ASTRO_BLACK;XIRECS;8748.0;4
771100;;;TRANSLATOR_ECLIPSE_CHARCOAL;XIRECS;9552.0;4
771100;;;TRANSLATOR_GRAPHITE_MIST;XIRECS;10000.0;4
771100;;;TRANSLATOR_SPACE_GRAY;XIRECS;8442.0;4
771100;;;TRANSLATOR_VOID_BLUE;XIRECS;11262.0;4
773100;;;TRANSLATOR_ASTRO_BLACK;XIRECS;8729.0;3
773100;;;TRANSLATOR_ECLIPSE_CHARCOAL;XIRECS;9571.0;3
773100;;;TRANSLATOR_GRAPHITE_MIST;XIRECS;10015.0;3
773100;;;TRANSLATOR_SPACE_GRAY;XIRECS;8431.0;3
773100;;;TRANSLATOR_VOID_BLUE;XIRECS;11262.0;3
778800;;;TRANSLATOR_ASTRO_BLACK;XIRECS;8686.0;2
778800;;;TRANSLATOR_ECLIPSE_CHARCOAL;XIRECS;9543.0;2
778800;;;TRANSLATOR_GRAPHITE_MIST;XIRECS;9961.0;2
778800;;;TRANSLATOR_SPACE_GRAY;XIRECS;8538.0;2
778800;;;TRANSLATOR_VOID_BLUE;XIRECS;11094.0;2
782000;;;TRANSLATOR_ASTRO_BLACK;XIRECS;8675.0;4
782000;;;TRANSLATOR_ECLIPSE_CHARCOAL;XIRECS;9642.0;4
782000;;;TRANSLATOR_GRAPHITE_MIST;XIRECS;9974.0;4
782000;;;TRANSLATOR_SPACE_GRAY;XIRECS;8596.0;4
782000;;;TRANSLATOR_VOID_BLUE;XIRECS;11105.0;4
784400;;;TRANSLATOR_ASTRO_BLACK;XIRECS;8728.0;3
784400;;;TRANSLATOR_ECLIPSE_CHARCOAL;XIRECS;9602.0;3
784400;;;TRANSLATOR_GRAPHITE_MIST;XIRECS;10015.0;3
784400;;;TRANSLATOR_SPACE_GRAY;XIRECS;8614.0;3
784400;;;TRANSLATOR_VOID_BLUE;XIRECS;11026.0;3
784700;;;TRANSLATOR_ASTRO_BLACK;XIRECS;8709.0;1
784700;;;TRANSLATOR_ECLIPSE_CHARCOAL;XIRECS;9600.0;1
784700;;;TRANSLATOR_GRAPHITE_MIST;XIRECS;10034.0;1
784700;;;TRANSLATOR_SPACE_GRAY;XIRECS;8611.0;1
784700;;;TRANSLATOR_VOID_BLUE;XIRECS;11030.0;1
795000;;;TRANSLATOR_ASTRO_BLACK;XIRECS;8651.0;2
795000;;;TRANSLATOR_ECLIPSE_CHARCOAL;XIRECS;9620.0;2
795000;;;TRANSLATOR_GRAPHITE_MIST;XIRECS;10097.0;2
795000;;;TRANSLATOR_SPACE_GRAY;XIRECS;8618.0;2
795000;;;TRANSLATOR_VOID_BLUE;XIRECS;10939.0;2
797000;;;TRANSLATOR_ASTRO_BLACK;XIRECS;8595.0;3
797000;;;TRANSLATOR_ECLIPSE_CHARCOAL;XIRECS;9566.0;3
797000;;;TRANSLATOR_GRAPHITE_MIST;XIRECS;10011.0;3
797000;;;TRANSLATOR_SPACE_GRAY;XIRECS;8645.0;3
797000;;;TRANSLATOR_VOID_BLUE;XIRECS;10975.0;3
800700;;;TRANSLATOR_ASTRO_BLACK;XIRECS;8570.0;1
800700;;;TRANSLATOR_ECLIPSE_CHARCOAL;XIRECS;9595.0;1
800700;;;TRANSLATOR_GRAPHITE_MIST;XIRECS;9972.0;1
800700;;;TRANSLATOR_SPACE_GRAY;XIRECS;8658.0;1
800700;;;TRANSLATOR_VOID_BLUE;XIRECS;11052.0;1
803300;;;TRANSLATOR_ASTRO_BLACK;XIRECS;8589.0;3
803300;;;TRANSLATOR_ECLIPSE_CHARCOAL;XIRECS;9578.0;3
803300;;;TRANSLATOR_GRAPHITE_MIST;XIRECS;9916.0;3
803300;;;TRANSLATOR_SPACE_GRAY;XIRECS;8656.0;3
803300;;;TRANSLATOR_VOID_BLUE;XIRECS;11059.0;3
807800;;;TRANSLATOR_ASTRO_BLACK;XIRECS;8580.0;2
807800;;;TRANSLATOR_ECLIPSE_CHARCOAL;XIRECS;9507.0;2
807800;;;TRANSLATOR_GRAPHITE_MIST;XIRECS;9930.0;2
807800;;;TRANSLATOR_SPACE_GRAY;XIRECS;8665.0;2
807800;;;TRANSLATOR_VOID_BLUE;XIRECS;11072.0;2
814200;;;TRANSLATOR_ASTRO_BLACK;XIRECS;8670.0;3
814200;;;TRANSLATOR_ECLIPSE_CHARCOAL;XIRECS;9407.0;3
814200;;;TRANSLATOR_GRAPHITE_MIST;XIRECS;10039.0;3
814200;;;TRANSLATOR_SPACE_GRAY;XIRECS;8699.0;3
814200;;;TRANSLATOR_VOID_BLUE;XIRECS;11132.0;3
817500;;;TRANSLATOR_ASTRO_BLACK;XIRECS;8759.0;3
817500;;;TRANSLATOR_ECLIPSE_CHARCOAL;XIRECS;9360.0;3
817500;;;TRANSLATOR_GRAPHITE_MIST;XIRECS;9975.0;3
817500;;;TRANSLATOR_SPACE_GRAY;XIRECS;8619.0;3
817500;;;TRANSLATOR_VOID_BLUE;XIRECS;11126.0;3
822800;;;TRANSLATOR_ASTRO_BLACK;XIRECS;8815.0;2
822800;;;TRANSLATOR_ECLIPSE_CHARCOAL;XIRECS;9473.0;2
822800;;;TRANSLATOR_GRAPHITE_MIST;XIRECS;9982.0;2
822800;;;TRANSLATOR_SPACE_GRAY;XIRECS;8588.0;2
822800;;;TRANSLATOR_VOID_BLUE;XIRECS;11076.0;2
825500;;;TRANSLATOR_ASTRO_BLACK;XIRECS;8814.0;1
825500;;;TRANSLATOR_ECLIPSE_CHARCOAL;XIRECS;9464.0;1
825500;;;TRANSLATOR_GRAPHITE_MIST;XIRECS;9897.0;1
825500;;;TRANSLATOR_SPACE_GRAY;XIRECS;8516.0;1
825500;;;TRANSLATOR_VOID_BLUE;XIRECS;11074.0;1
828100;;;TRANSLATOR_ASTRO_BLACK;XIRECS;8862.0;3
828100;;;TRANSLATOR_ECLIPSE_CHARCOAL;XIRECS;9404.0;3
828100;;;TRANSLATOR_GRAPHITE_MIST;XIRECS;9878.0;3
828100;;;TRANSLATOR_SPACE_GRAY;XIRECS;8527.0;3
828100;;;TRANSLATOR_VOID_BLUE;XIRECS;11100.0;3
835400;;;TRANSLATOR_ASTRO_BLACK;XIRECS;8876.0;2
835400;;;TRANSLATOR_ECLIPSE_CHARCOAL;XIRECS;9337.0;2
835400;;;TRANSLATOR_GRAPHITE_MIST;XIRECS;9749.0;2
835400;;;TRANSLATOR_SPACE_GRAY;XIRECS;8652.0;2
835400;;;TRANSLATOR_VOID_BLUE;XIRECS;11257.0;2
836400;;;TRANSLATOR_ASTRO_BLACK;XIRECS;8906.0;2
836400;;;TRANSLATOR_ECLIPSE_CHARCOAL;XIRECS;9353.0;2
836400;;;TRANSLATOR_GRAPHITE_MIST;XIRECS;9754.0;2
836400;;;TRANSLATOR_SPACE_GRAY;XIRECS;8586.0;2
836400;;;TRANSLATOR_VOID_BLUE;XIRECS;11301.0;2
842600;;;TRANSLATOR_ASTRO_BLACK;XIRECS;8866.0;2
842600;;;TRANSLATOR_ECLIPSE_CHARCOAL;XIRECS;9364.0;2
842600;;;TRANSLATOR_GRAPHITE_MIST;XIRECS;9804.0;2
842600;;;TRANSLATOR_SPACE_GRAY;XIRECS;8523.0;2
842600;;;TRANSLATOR_VOID_BLUE;XIRECS;11267.0;2
849900;;;TRANSLATOR_ASTRO_BLACK;XIRECS;8916.0;2
849900;;;TRANSLATOR_ECLIPSE_CHARCOAL;XIRECS;9512.0;2
849900;;;TRANSLATOR_GRAPHITE_MIST;XIRECS;9889.0;2
849900;;;TRANSLATOR_SPACE_GRAY;XIRECS;8555.0;2
849900;;;TRANSLATOR_VOID_BLUE;XIRECS;11184.0;2
850800;;;TRANSLATOR_ASTRO_BLACK;XIRECS;8885.0;1
850800;;;TRANSLATOR_ECLIPSE_CHARCOAL;XIRECS;9513.0;1
850800;;;TRANSLATOR_GRAPHITE_MIST;XIRECS;9954.0;1
850800;;;TRANSLATOR_SPACE_GRAY;XIRECS;8515.0;1
850800;;;TRANSLATOR_VOID_BLUE;XIRECS;11184.0;1
851400;;;TRANSLATOR_ASTRO_BLACK;XIRECS;8889.0;1
851400;;;TRANSLATOR_ECLIPSE_CHARCOAL;XIRECS;9524.0;1
851400;;;TRANSLATOR_GRAPHITE_MIST;XIRECS;9956.0;1
851400;;;TRANSLATOR_SPACE_GRAY;XIRECS;8536.0;1
851400;;;TRANSLATOR_VOID_BLUE;XIRECS;11245.0;1
863500;;;TRANSLATOR_ASTRO_BLACK;XIRECS;8930.0;4
863500;;;TRANSLATOR_ECLIPSE_CHARCOAL;XIRECS;9717.0;4
863500;;;TRANSLATOR_GRAPHITE_MIST;XIRECS;10018.0;4
863500;;;TRANSLATOR_SPACE_GRAY;XIRECS;8512.0;4
863500;;;TRANSLATOR_VOID_BLUE;XIRECS;11335.0;4
867100;;;TRANSLATOR_ASTRO_BLACK;XIRECS;8936.0;1
867100;;;TRANSLATOR_ECLIPSE_CHARCOAL;XIRECS;9729.0;1
867100;;;TRANSLATOR_GRAPHITE_MIST;XIRECS;10050.0;1
867100;;;TRANSLATOR_SPACE_GRAY;XIRECS;8459.0;1
867100;;;TRANSLATOR_VOID_BLUE;XIRECS;11353.0;1
874500;;;TRANSLATOR_ASTRO_BLACK;XIRECS;8894.0;1
874500;;;TRANSLATOR_ECLIPSE_CHARCOAL;XIRECS;9655.0;1
874500;;;TRANSLATOR_GRAPHITE_MIST;XIRECS;10043.0;1
874500;;;TRANSLATOR_SPACE_GRAY;XIRECS;8490.0;1
874500;;;TRANSLATOR_VOID_BLUE;XIRECS;11542.0;1
876500;;;TRANSLATOR_ASTRO_BLACK;XIRECS;8935.0;3
876500;;;TRANSLATOR_ECLIPSE_CHARCOAL;XIRECS;9649.0;3
876500;;;TRANSLATOR_GRAPHITE_MIST;XIRECS;10050.0;3
876500;;;TRANSLATOR_SPACE_GRAY;XIRECS;8520.0;3
876500;;;TRANSLATOR_VOID_BLUE;XIRECS;11530.0;3
877500;;;TRANSLATOR_ASTRO_BLACK;XIRECS;8913.0;4
877500;;;TRANSLATOR_ECLIPSE_CHARCOAL;XIRECS;9643.0;4
877500;;;TRANSLATOR_GRAPHITE_MIST;XIRECS;10097.0;4
877500;;;TRANSLATOR_SPACE_GRAY;XIRECS;8505.0;4
877500;;;TRANSLATOR_VOID_BLUE;XIRECS;11509.0;4
886000;;;TRANSLATOR_ASTRO_BLACK;XIRECS;8898.0;4
886000;;;TRANSLATOR_ECLIPSE_CHARCOAL;XIRECS;9617.0;4
886000;;;TRANSLATOR_GRAPHITE_MIST;XIRECS;10051.0;4
886000;;;TRANSLATOR_SPACE_GRAY;XIRECS;8490.0;4
886000;;;TRANSLATOR_VOID_BLUE;XIRECS;11502.0;4
887400;;;TRANSLATOR_ASTRO_BLACK;XIRECS;8927.0;1
887400;;;TRANSLATOR_ECLIPSE_CHARCOAL;XIRECS;9568.0;1
887400;;;TRANSLATOR_GRAPHITE_MIST;XIRECS;9972.0;1
887400;;;TRANSLATOR_SPACE_GRAY;XIRECS;8516.0;1
887400;;;TRANSLATOR_VOID_BLUE;XIRECS;11416.0;1
891100;;;TRANSLATOR_ASTRO_BLACK;XIRECS;8897.0;4
891100;;;TRANSLATOR_ECLIPSE_CHARCOAL;XIRECS;9526.0;4
891100;;;TRANSLATOR_GRAPHITE_MIST;XIRECS;9972.0;4
891100;;;TRANSLATOR_SPACE_GRAY;XIRECS;8459.0;4
891100;;;TRANSLATOR_VOID_BLUE;XIRECS;11437.0;4
891200;;;TRANSLATOR_ASTRO_BLACK;XIRECS;8895.0;2
891200;;;TRANSLATOR_ECLIPSE_CHARCOAL;XIRECS;9526.0;2
891200;;;TRANSLATOR_GRAPHITE_MIST;XIRECS;9980.0;2
891200;;;TRANSLATOR_SPACE_GRAY;XIRECS;8473.0;2
891200;;;TRANSLATOR_VOID_BLUE;XIRECS;11444.0;2
896500;;;TRANSLATOR_ASTRO_BLACK;XIRECS;8938.0;3
896500;;;TRANSLATOR_ECLIPSE_CHARCOAL;XIRECS;9421.0;3
896500;;;TRANSLATOR_GRAPHITE_MIST;XIRECS;9820.0;3
896500;;;TRANSLATOR_SPACE_GRAY;XIRECS;8486.0;3
896500;;;TRANSLATOR_VOID_BLUE;XIRECS;11373.0;3
898000;;;TRANSLATOR_ASTRO_BLACK;XIRECS;8907.0;2
898000;;;TRANSLATOR_ECLIPSE_CHARCOAL;XIRECS;9427.0;2
898000;;;TRANSLATOR_GRAPHITE_MIST;XIRECS;9828.0;2
898000;;;TRANSLATOR_SPACE_GRAY;XIRECS;8469.0;2
898000;;;TRANSLATOR_VOID_BLUE;XIRECS;11415.0;2
898500;;;TRANSLATOR_ASTRO_BLACK;XIRECS;8915.0;2
898500;;;TRANSLATOR_ECLIPSE_CHARCOAL;XIRECS;9429.0;2
898500;;;TRANSLATOR_GRAPHITE_MIST;XIRECS;9838.0;2
898500;;;TRANSLATOR_SPACE_GRAY;XIRECS;8435.0;2
898500;;;TRANSLATOR_VOID_BLUE;XIRECS;11371.0;2
909200;;;TRANSLATOR_ASTRO_BLACK;XIRECS;8824.0;4
909200;;;TRANSLATOR_ECLIPSE_CHARCOAL;XIRECS;9525.0;4
909200;;;TRANSLATOR_GRAPHITE_MIST;XIRECS;9834.0;4
909200;;;TRANSLATOR_SPACE_GRAY;XIRECS;8401.0;4
909200;;;TRANSLATOR_VOID_BLUE;XIRECS;11244.0;4
919000;;;TRANSLATOR_ASTRO_BLACK;XIRECS;8900.0;3
919000;;;TRANSLATOR_ECLIPSE_CHARCOAL;XIRECS;9442.0;3
919000;;;TRANSLATOR_GRAPHITE_MIST;XIRECS;9872.0;3
919000;;;TRANSLATOR_SPACE_GRAY;XIRECS;8360.0;3
919000;;;TRANSLATOR_VOID_BLUE;XIRECS;11345.0;3
922600;;;TRANSLATOR_ASTRO_BLACK;XIRECS;8862.0;1
922600;;;TRANSLATOR_ECLIPSE_CHARCOAL;XIRECS;9431.0;1
922600;;;TRANSLATOR_GRAPHITE_MIST;XIRECS;9922.0;1
922600;;;TRANSLATOR_SPACE_GRAY;XIRECS;8359.0;1
922600;;;TRANSLATOR_VOID_BLUE;XIRECS;11308.0;1
927900;;;TRANSLATOR_ASTRO_BLACK;XIRECS;8780.0;4
927900;;;TRANSLATOR_ECLIPSE_CHARCOAL;XIRECS;9564.0;4
927900;;;TRANSLATOR_GRAPHITE_MIST;XIRECS;9983.0;4
927900;;;TRANSLATOR_SPACE_GRAY;XIRECS;8430.0;4
927900;;;TRANSLATOR_VOID_BLUE;XIRECS;11239.0;4
937100;;;TRANSLATOR_ASTRO_BLACK;XIRECS;8905.0;2
937100;;;TRANSLATOR_ECLIPSE_CHARCOAL;XIRECS;9482.0;2
937100;;;TRANSLATOR_GRAPHITE_MIST;XIRECS;9956.0;2
937100;;;TRANSLATOR_SPACE_GRAY;XIRECS;8424.0;2
937100;;;TRANSLATOR_VOID_BLUE;XIRECS;11235.0;2
937300;;;TRANSLATOR_ASTRO_BLACK;XIRECS;8918.0;2
937300;;;TRANSLATOR_ECLIPSE_CHARCOAL;XIRECS;9472.0;2
937300;;;TRANSLATOR_GRAPHITE_MIST;XIRECS;9958.0;2
937300;;;TRANSLATOR_SPACE_GRAY;XIRECS;8432.0;2
937300;;;TRANSLATOR_VOID_BLUE;XIRECS;11226.0;2
939700;;;TRANSLATOR_ASTRO_BLACK;XIRECS;8898.0;2
939700;;;TRANSLATOR_ECLIPSE_CHARCOAL;XIRECS;9409.0;2
939700;;;TRANSLATOR_GRAPHITE_MIST;XIRECS;9985.0;2
939700;;;TRANSLATOR_SPACE_GRAY;XIRECS;8433.0;2
939700;;;TRANSLATOR_VOID_BLUE;XIRECS;11241.0;2
950300;;;TRANSLATOR_ASTRO_BLACK;XIRECS;8923.0;1
950300;;;TRANSLATOR_ECLIPSE_CHARCOAL;XIRECS;9421.0;1
950300;;;TRANSLATOR_GRAPHITE_MIST;XIRECS;9997.0;1
950300;;;TRANSLATOR_SPACE_GRAY;XIRECS;8549.0;1
950300;;;TRANSLATOR_VOID_BLUE;XIRECS;11249.0;1
951600;;;TRANSLATOR_ASTRO_BLACK;XIRECS;8901.0;3
951600;;;TRANSLATOR_ECLIPSE_CHARCOAL;XIRECS;9476.0;3
951600;;;TRANSLATOR_GRAPHITE_MIST;XIRECS;9998.0;3
951600;;;TRANSLATOR_SPACE_GRAY;XIRECS;8586.0;3
951600;;;TRANSLATOR_VOID_BLUE;XIRECS;11316.0;3
955900;;;TRANSLATOR_ASTRO_BLACK;XIRECS;8855.0;1
955900;;;TRANSLATOR_ECLIPSE_CHARCOAL;XIRECS;9482.0;1
955900;;;TRANSLATOR_GRAPHITE_MIST;XIRECS;10034.0;1
955900;;;TRANSLATOR_SPACE_GRAY;XIRECS;8647.0;1
955900;;;TRANSLATOR_VOID_BLUE;XIRECS;11226.0;1
960400;;;TRANSLATOR_ASTRO_BLACK;XIRECS;8902.0;2
960400;;;TRANSLATOR_ECLIPSE_CHARCOAL;XIRECS;9455.0;2
960400;;;TRANSLATOR_GRAPHITE_MIST;XIRECS;9996.0;2
960400;;;TRANSLATOR_SPACE_GRAY;XIRECS;8612.0;2
960400;;;TRANSLATOR_VOID_BLUE;XIRECS;11154.0;2
962200;;;TRANSLATOR_ASTRO_BLACK;XIRECS;8888.0;4
962200;;;TRANSLATOR_ECLIPSE_CHARCOAL;XIRECS;9565.0;4
962200;;;TRANSLATOR_GRAPHITE_MIST;XIRECS;10006.0;4
962200;;;TRANSLATOR_SPACE_GRAY;XIRECS;8532.0;4
962200;;;TRANSLATOR_VOID_BLUE;XIRECS;11110.0;4
968900;;;TRANSLATOR_ASTRO_BLACK;XIRECS;8869.0;4
968900;;;TRANSLATOR_ECLIPSE_CHARCOAL;XIRECS;9668.0;4
968900;;;TRANSLATOR_GRAPHITE_MIST;XIRECS;10023.0;4
968900;;;TRANSLATOR_SPACE_GRAY;XIRECS;8533.0;4
968900;;;TRANSLATOR_VOID_BLUE;XIRECS;11201.0;4
969000;;;TRANSLATOR_ASTRO_BLACK;XIRECS;8871.0;3
969000;;;TRANSLATOR_ECLIPSE_CHARCOAL;XIRECS;9646.0;3
969000;;;TRANSLATOR_GRAPHITE_MIST;XIRECS;10017.0;3
969000;;;TRANSLATOR_SPACE_GRAY;XIRECS;8527.0;3
969000;;;TRANSLATOR_VOID_BLUE;XIRECS;11205.0;3
970500;;;TRANSLATOR_ASTRO_BLACK;XIRECS;8888.0;3
970500;;;TRANSLATOR_ECLIPSE_CHARCOAL;XIRECS;9686.0;3
970500;;;TRANSLATOR_GRAPHITE_MIST;XIRECS;10090.0;3
970500;;;TRANSLATOR_SPACE_GRAY;XIRECS;8520.0;3
970500;;;TRANSLATOR_VOID_BLUE;XIRECS;11190.0;3
974700;;;TRANSLATOR_ASTRO_BLACK;XIRECS;8853.0;1
974700;;;TRANSLATOR_ECLIPSE_CHARCOAL;XIRECS;9678.0;1
974700;;;TRANSLATOR_GRAPHITE_MIST;XIRECS;9972.0;1
974700;;;TRANSLATOR_SPACE_GRAY;XIRECS;8502.0;1
974700;;;TRANSLATOR_VOID_BLUE;XIRECS;11126.0;1
977400;;;TRANSLATOR_ASTRO_BLACK;XIRECS;8917.0;2
977400;;;TRANSLATOR_ECLIPSE_CHARCOAL;XIRECS;9684.0;2
977400;;;TRANSLATOR_GRAPHITE_MIST;XIRECS;9940.0;2
977400;;;TRANSLATOR_SPACE_GRAY;XIRECS;8482.0;2
977400;;;TRANSLATOR_VOID_BLUE;XIRECS;11082.0;2
979600;;;TRANSLATOR_ASTRO_BLACK;XIRECS;8993.0;3
979600;;;TRANSLATOR_ECLIPSE_CHARCOAL;XIRECS;9671.0;3
979600;;;TRANSLATOR_GRAPHITE_MIST;XIRECS;9939.0;3
979600;;;TRANSLATOR_SPACE_GRAY;XIRECS;8500.0;3
979600;;;TRANSLATOR_VOID_BLUE;XIRECS;11050.0;3
980200;;;TRANSLATOR_ASTRO_BLACK;XIRECS;8949.0;3
980200;;;TRANSLATOR_ECLIPSE_CHARCOAL;XIRECS;9684.0;3
980200;;;TRANSLATOR_GRAPHITE_MIST;XIRECS;9927.0;3
980200;;;TRANSLATOR_SPACE_GRAY;XIRECS;8531.0;3
980200;;;TRANSLATOR_VOID_BLUE;XIRECS;11039.0;3
980400;;;TRANSLATOR_ASTRO_BLACK;XIRECS;8935.0;3
980400;;;TRANSLATOR_ECLIPSE_CHARCOAL;XIRECS;9668.0;3
980400;;;TRANSLATOR_GRAPHITE_MIST;XIRECS;9944.0;3
980400;;;TRANSLATOR_SPACE_GRAY;XIRECS;8529.0;3
980400;;;TRANSLATOR_VOID_BLUE;XIRECS;11050.0;3
991900;;;TRANSLATOR_ASTRO_BLACK;XIRECS;8969.0;3
991900;;;TRANSLATOR_ECLIPSE_CHARCOAL;XIRECS;9683.0;3
991900;;;TRANSLATOR_GRAPHITE_MIST;XIRECS;9767.0;3
991900;;;TRANSLATOR_SPACE_GRAY;XIRECS;8413.0;3
991900;;;TRANSLATOR_VOID_BLUE;XIRECS;11363.0;3
994600;;;TRANSLATOR_ASTRO_BLACK;XIRECS;8980.0;4
994600;;;TRANSLATOR_ECLIPSE_CHARCOAL;XIRECS;9643.0;4
994600;;;TRANSLATOR_GRAPHITE_MIST;XIRECS;9755.0;4
994600;;;TRANSLATOR_SPACE_GRAY;XIRECS;8445.0;4
994600;;;TRANSLATOR_VOID_BLUE;XIRECS;11430.0;4
995000;;;TRANSLATOR_ASTRO_BLACK;XIRECS;8952.0;1
995000;;;TRANSLATOR_ECLIPSE_CHARCOAL;XIRECS;9627.0;1
995000;;;TRANSLATOR_GRAPHITE_MIST;XIRECS;9720.0;1
995000;;;TRANSLATOR_SPACE_GRAY;XIRECS;8454.0;1
995000;;;TRANSLATOR_VOID_BLUE;XIRECS;11442.0;1
995100;;;TRANSLATOR_ASTRO_BLACK;XIRECS;8954.0;4
995100;;;TRANSLATOR_ECLIPSE_CHARCOAL;XIRECS;9620.0;4
995100;;;TRANSLATOR_GRAPHITE_MIST;XIRECS;9712.0;4
995100;;;TRANSLATOR_SPACE_GRAY;XIRECS;8439.0;4
995100;;;TRANSLATOR_VOID_BLUE;XIRECS;11427.0;4
998900;;;TRANSLATOR_ASTRO_BLACK;XIRECS;8974.0;3
998900;;;TRANSLATOR_ECLIPSE_CHARCOAL;XIRECS;9682.0;3
998900;;;TRANSLATOR_GRAPHITE_MIST;XIRECS;9799.0;3
998900;;;TRANSLATOR_SPACE_GRAY;XIRECS;8421.0;3
998900;;;TRANSLATOR_VOID_BLUE;XIRECS;11516.0;3
999400;;;TRANSLATOR_ASTRO_BLACK;XIRECS;8989.0;2
999400;;;TRANSLATOR_ECLIPSE_CHARCOAL;XIRECS;9708.0;2
999400;;;TRANSLATOR_GRAPHITE_MIST;XIRECS;9801.0;2
999400;;;TRANSLATOR_SPACE_GRAY;XIRECS;8400.0;2
999400;;;TRANSLATOR_VOID_BLUE;XIRECS;11544.0;2
