timestamp;buyer;seller;symbol;currency;price;quantity
1700;;;SNACKPACK_STRAWBERRY;XIRECS;9954.0;4
14500;;;SNACKPACK_STRAWBERRY;XIRECS;10040.0;1
15100;;;SNACKPACK_STRAWBERRY;XIRECS;10023.0;2
26500;;;SNACKPACK_STRAWBERRY;XIRECS;10110.0;4
36400;;;SNACKPACK_STRAWBERRY;XIRECS;10160.0;4
38400;;;SNACKPACK_STRAWBERRY;XIRECS;10219.0;4
38600;;;SNACKPACK_STRAWBERRY;XIRECS;10237.0;4
52600;;;SNACKPACK_STRAWBERRY;XIRECS;10231.0;2
63900;;;SNACKPACK_STRAWBERRY;XIRECS;10250.0;2
69500;;;SNACKPACK_STRAWBERRY;XIRECS;10215.0;2
71200;;;SNACKPACK_STRAWBERRY;XIRECS;10140.0;1
71900;;;SNACKPACK_STRAWBERRY;XIRECS;10170.0;4
74900;;;SNACKPACK_STRAWBERRY;XIRECS;10185.0;1
75600;;;SNACKPACK_STRAWBERRY;XIRECS;10208.0;4
82400;;;SNACKPACK_STRAWBERRY;XIRECS;10084.0;4
83300;;;SNACKPACK_STRAWBERRY;XIRECS;10036.0;1
90200;;;SNACKPACK_STRAWBERRY;XIRECS;9919.0;4
91700;;;SNACKPACK_STRAWBERRY;XIRECS;9961.0;1
102800;;;SNACKPACK_STRAWBERRY;XIRECS;9905.0;3
104000;;;SNACKPACK_STRAWBERRY;XIRECS;9876.0;2
104800;;;SNACKPACK_STRAWBERRY;XIRECS;9870.0;3
106800;;;SNACKPACK_STRAWBERRY;XIRECS;9859.0;2
109600;;;SNACKPACK_STRAWBERRY;XIRECS;9842.0;4
110700;;;SNACKPACK_STRAWBERRY;XIRECS;9846.0;1
113800;;;SNACKPACK_STRAWBERRY;XIRECS;9835.0;3
121100;;;SNACKPACK_STRAWBERRY;XIRECS;9863.0;4
123300;;;SNACKPACK_STRAWBERRY;XIRECS;9848.0;2
126600;;;SNACKPACK_STRAWBERRY;XIRECS;9860.0;1
127200;;;SNACKPACK_STRAWBERRY;XIRECS;9829.0;1
127500;;;SNACKPACK_STRAWBERRY;XIRECS;9849.0;3
132000;;;SNACKPACK_STRAWBERRY;XIRECS;9821.0;4
133300;;;SNACKPACK_STRAWBERRY;XIRECS;9840.0;2
134800;;;SNACKPACK_STRAWBERRY;XIRECS;9817.0;3
137500;;;SNACKPACK_STRAWBERRY;XIRECS;9801.0;1
138900;;;SNACKPACK_STRAWBERRY;XIRECS;9821.0;1
152400;;;SNACKPACK_STRAWBERRY;XIRECS;9672.0;4
172500;;;SNACKPACK_STRAWBERRY;XIRECS;9738.0;2
173400;;;SNACKPACK_STRAWBERRY;XIRECS;9762.0;2
177700;;;SNACKPACK_STRAWBERRY;XIRECS;9825.0;2
187800;;;SNACKPACK_STRAWBERRY;XIRECS;10024.0;1
189100;;;SNACKPACK_STRAWBERRY;XIRECS;10030.0;2
189700;;;SNACKPACK_STRAWBERRY;XIRECS;10030.0;1
194400;;;SNACKPACK_STRAWBERRY;XIRECS;10082.0;1
198500;;;SNACKPACK_STRAWBERRY;XIRECS;10001.0;3
200100;;;SNACKPACK_STRAWBERRY;XIRECS;9998.0;3
201400;;;SNACKPACK_STRAWBERRY;XIRECS;9986.0;1
206200;;;SNACKPACK_STRAWBERRY;XIRECS;10022.0;3
214600;;;SNACKPACK_STRAWBERRY;XIRECS;10032.0;1
219100;;;SNACKPACK_STRAWBERRY;XIRECS;10034.0;2
231700;;;SNACKPACK_STRAWBERRY;XIRECS;10080.0;2
231900;;;SNACKPACK_STRAWBERRY;XIRECS;10085.0;3
232200;;;SNACKPACK_STRAWBERRY;XIRECS;10110.0;4
245300;;;SNACKPACK_STRAWBERRY;XIRECS;10288.0;3
247900;;;SNACKPACK_STRAWBERRY;XIRECS;10375.0;2
249700;;;SNACKPACK_STRAWBERRY;XIRECS;10342.0;3
250300;;;SNACKPACK_STRAWBERRY;XIRECS;10328.0;1
260000;;;SNACKPACK_STRAWBERRY;XIRECS;10402.0;2
262700;;;SNACKPACK_STRAWBERRY;XIRECS;10460.0;3
265200;;;SNACKPACK_STRAWBERRY;XIRECS;10451.0;3
275400;;;SNACKPACK_STRAWBERRY;XIRECS;10328.0;1
276200;;;SNACKPACK_STRAWBERRY;XIRECS;10318.0;3
283600;;;SNACKPACK_STRAWBERRY;XIRECS;10265.0;3
286100;;;SNACKPACK_STRAWBERRY;XIRECS;10309.0;1
287200;;;SNACKPACK_STRAWBERRY;XIRECS;10356.0;2
287400;;;SNACKPACK_STRAWBERRY;XIRECS;10356.0;2
290600;;;SNACKPACK_STRAWBERRY;XIRECS;10266.0;2
292500;;;SNACKPACK_STRAWBERRY;XIRECS;10245.0;1
296200;;;SNACKPACK_STRAWBERRY;XIRECS;10261.0;3
297100;;;SNACKPACK_STRAWBERRY;XIRECS;10312.0;4
298100;;;SNACKPACK_STRAWBERRY;XIRECS;10271.0;3
298500;;;SNACKPACK_STRAWBERRY;XIRECS;10268.0;3
305800;;;SNACKPACK_STRAWBERRY;XIRECS;10216.0;3
313500;;;SNACKPACK_STRAWBERRY;XIRECS;10226.0;2
314900;;;SNACKPACK_STRAWBERRY;XIRECS;10175.0;3
317000;;;SNACKPACK_STRAWBERRY;XIRECS;10188.0;3
317600;;;SNACKPACK_STRAWBERRY;XIRECS;10169.0;1
322400;;;SNACKPACK_STRAWBERRY;XIRECS;10229.0;1
326500;;;SNACKPACK_STRAWBERRY;XIRECS;10131.0;2
332600;;;SNACKPACK_STRAWBERRY;XIRECS;10165.0;4
333600;;;SNACKPACK_STRAWBERRY;XIRECS;10137.0;4
334800;;;SNACKPACK_STRAWBERRY;XIRECS;10129.0;2
338000;;;SNACKPACK_STRAWBERRY;XIRECS;10144.0;3
339500;;;SNACKPACK_STRAWBERRY;XIRECS;10198.0;4
344700;;;SNACKPACK_STRAWBERRY;XIRECS;10100.0;3
347700;;;SNACKPACK_STRAWBERRY;XIRECS;10155.0;1
349700;;;SNACKPACK_STRAWBERRY;XIRECS;10162.0;3
351100;;;SNACKPACK_STRAWBERRY;XIRECS;10175.0;3
361600;;;SNACKPACK_STRAWBERRY;XIRECS;10135.0;3
363200;;;SNACKPACK_STRAWBERRY;XIRECS;10125.0;2
363600;;;SNACKPACK_STRAWBERRY;XIRECS;10095.0;3
364700;;;SNACKPACK_STRAWBERRY;XIRECS;10103.0;3
365800;;;SNACKPACK_STRAWBERRY;XIRECS;10070.0;4
370100;;;SNACKPACK_STRAWBERRY;XIRECS;10040.0;2
381600;;;SNACKPACK_STRAWBERRY;XIRECS;10135.0;4
387000;;;SNACKPACK_STRAWBERRY;XIRECS;10172.0;2
390100;;;SNACKPACK_STRAWBERRY;XIRECS;10205.0;3
392200;;;SNACKPACK_STRAWBERRY;XIRECS;10216.0;3
393600;;;SNACKPACK_STRAWBERRY;XIRECS;10216.0;2
400100;;;SNACKPACK_STRAWBERRY;XIRECS;10169.0;4
408800;;;SNACKPACK_STRAWBERRY;XIRECS;10085.0;4
411900;;;SNACKPACK_STRAWBERRY;XIRECS;10147.0;2
414100;;;SNACKPACK_STRAWBERRY;XIRECS;10166.0;1
415800;;;SNACKPACK_STRAWBERRY;XIRECS;10201.0;3
417200;;;SNACKPACK_STRAWBERRY;XIRECS;10163.0;3
427400;;;SNACKPACK_STRAWBERRY;XIRECS;10169.0;4
445100;;;SNACKPACK_STRAWBERRY;XIRECS;10273.0;1
446000;;;SNACKPACK_STRAWBERRY;XIRECS;10277.0;1
450500;;;SNACKPACK_STRAWBERRY;XIRECS;10275.0;2
451100;;;SNACKPACK_STRAWBERRY;XIRECS;10317.0;1
453800;;;SNACKPACK_STRAWBERRY;XIRECS;10303.0;2
455200;;;SNACKPACK_STRAWBERRY;XIRECS;10317.0;2
471500;;;SNACKPACK_STRAWBERRY;XIRECS;10316.0;2
471600;;;SNACKPACK_STRAWBERRY;XIRECS;10327.0;3
475400;;;SNACKPACK_STRAWBERRY;XIRECS;10297.0;3
476600;;;SNACKPACK_STRAWBERRY;XIRECS;10337.0;4
481300;;;SNACKPACK_STRAWBERRY;XIRECS;10347.0;4
484100;;;SNACKPACK_STRAWBERRY;XIRECS;10335.0;1
485100;;;SNACKPACK_STRAWBERRY;XIRECS;10334.0;4
494100;;;SNACKPACK_STRAWBERRY;XIRECS;10310.0;4
499500;;;SNACKPACK_STRAWBERRY;XIRECS;10306.0;3
500400;;;SNACKPACK_STRAWBERRY;XIRECS;10308.0;1
502800;;;SNACKPACK_STRAWBERRY;XIRECS;10343.0;2
503200;;;SNACKPACK_STRAWBERRY;XIRECS;10363.0;4
507800;;;SNACKPACK_STRAWBERRY;XIRECS;10392.0;1
512900;;;SNACKPACK_STRAWBERRY;XIRECS;10301.0;2
516400;;;SNACKPACK_STRAWBERRY;XIRECS;10330.0;4
522000;;;SNACKPACK_STRAWBERRY;XIRECS;10286.0;4
523500;;;SNACKPACK_STRAWBERRY;XIRECS;10255.0;2
528000;;;SNACKPACK_STRAWBERRY;XIRECS;10282.0;1
528100;;;SNACKPACK_STRAWBERRY;XIRECS;10276.0;2
533900;;;SNACKPACK_STRAWBERRY;XIRECS;10392.0;1
537500;;;SNACKPACK_STRAWBERRY;XIRECS;10392.0;4
537900;;;SNACKPACK_STRAWBERRY;XIRECS;10396.0;1
544700;;;SNACKPACK_STRAWBERRY;XIRECS;10442.0;2
559400;;;SNACKPACK_STRAWBERRY;XIRECS;10421.0;2
564000;;;SNACKPACK_STRAWBERRY;XIRECS;10401.0;4
566300;;;SNACKPACK_STRAWBERRY;XIRECS;10393.0;3
566900;;;SNACKPACK_STRAWBERRY;XIRECS;10412.0;4
568400;;;SNACKPACK_STRAWBERRY;XIRECS;10418.0;1
569900;;;SNACKPACK_STRAWBERRY;XIRECS;10380.0;3
579100;;;SNACKPACK_STRAWBERRY;XIRECS;10287.0;2
582900;;;SNACKPACK_STRAWBERRY;XIRECS;10222.0;2
584000;;;SNACKPACK_STRAWBERRY;XIRECS;10231.0;1
591700;;;SNACKPACK_STRAWBERRY;XIRECS;10297.0;3
592800;;;SNACKPACK_STRAWBERRY;XIRECS;10247.0;1
604000;;;SNACKPACK_STRAWBERRY;XIRECS;10298.0;2
610400;;;SNACKPACK_STRAWBERRY;XIRECS;10122.0;1
614700;;;SNACKPACK_STRAWBERRY;XIRECS;10057.0;3
620700;;;SNACKPACK_STRAWBERRY;XIRECS;10094.0;3
631800;;;SNACKPACK_STRAWBERRY;XIRECS;10297.0;3
640700;;;SNACKPACK_STRAWBERRY;XIRECS;10347.0;2
647000;;;SNACKPACK_STRAWBERRY;XIRECS;10412.0;3
656900;;;SNACKPACK_STRAWBERRY;XIRECS;10306.0;4
663100;;;SNACKPACK_STRAWBERRY;XIRECS;10401.0;1
667700;;;SNACKPACK_STRAWBERRY;XIRECS;10476.0;1
676700;;;SNACKPACK_STRAWBERRY;XIRECS;10499.0;2
682400;;;SNACKPACK_STRAWBERRY;XIRECS;10533.0;3
688200;;;SNACKPACK_STRAWBERRY;XIRECS;10540.0;1
700500;;;SNACKPACK_STRAWBERRY;XIRECS;10577.0;1
700600;;;SNACKPACK_STRAWBERRY;XIRECS;10578.0;4
705100;;;SNACKPACK_STRAWBERRY;XIRECS;10577.0;2
710100;;;SNACKPACK_STRAWBERRY;XIRECS;10539.0;1
721200;;;SNACKPACK_STRAWBERRY;XIRECS;10587.0;2
721900;;;SNACKPACK_STRAWBERRY;XIRECS;10571.0;1
725900;;;SNACKPACK_STRAWBERRY;XIRECS;10553.0;2
729400;;;SNACKPACK_STRAWBERRY;XIRECS;10554.0;2
733200;;;SNACKPACK_STRAWBERRY;XIRECS;10593.0;1
735900;;;SNACKPACK_STRAWBERRY;XIRECS;10571.0;1
754200;;;SNACKPACK_STRAWBERRY;XIRECS;10580.0;4
757300;;;SNACKPACK_STRAWBERRY;XIRECS;10609.0;2
758500;;;SNACKPACK_STRAWBERRY;XIRECS;10624.0;4
764000;;;SNACKPACK_STRAWBERRY;XIRECS;10545.0;1
767300;;;SNACKPACK_STRAWBERRY;XIRECS;10578.0;4
768200;;;SNACKPACK_STRAWBERRY;XIRECS;10543.0;3
776100;;;SNACKPACK_STRAWBERRY;XIRECS;10555.0;2
776400;;;SNACKPACK_STRAWBERRY;XIRECS;10567.0;1
780300;;;SNACKPACK_STRAWBERRY;XIRECS;10568.0;2
784200;;;SNACKPACK_STRAWBERRY;XIRECS;10552.0;3
785100;;;SNACKPACK_STRAWBERRY;XIRECS;10538.0;3
787300;;;SNACKPACK_STRAWBERRY;XIRECS;10579.0;2
792300;;;SNACKPACK_STRAWBERRY;XIRECS;10576.0;1
797900;;;SNACKPACK_STRAWBERRY;XIRECS;10709.0;4
804500;;;SNACKPACK_STRAWBERRY;XIRECS;10715.0;1
809300;;;SNACKPACK_STRAWBERRY;XIRECS;10731.0;2
822500;;;SNACKPACK_STRAWBERRY;XIRECS;10589.0;3
826100;;;SNACKPACK_STRAWBERRY;XIRECS;10545.0;3
828200;;;SNACKPACK_STRAWBERRY;XIRECS;10533.0;3
832200;;;SNACKPACK_STRAWBERRY;XIRECS;10560.0;2
835700;;;SNACKPACK_STRAWBERRY;XIRECS;10457.0;2
845100;;;SNACKPACK_STRAWBERRY;XIRECS;10364.0;3
849500;;;SNACKPACK_STRAWBERRY;XIRECS;10277.0;1
850800;;;SNACKPACK_STRAWBERRY;XIRECS;10338.0;4
864100;;;SNACKPACK_STRAWBERRY;XIRECS;10302.0;4
864900;;;SNACKPACK_STRAWBERRY;XIRECS;10302.0;3
873300;;;SNACKPACK_STRAWBERRY;XIRECS;10327.0;3
879600;;;SNACKPACK_STRAWBERRY;XIRECS;10438.0;1
881900;;;SNACKPACK_STRAWBERRY;XIRECS;10495.0;1
886000;;;SNACKPACK_STRAWBERRY;XIRECS;10534.0;4
891600;;;SNACKPACK_STRAWBERRY;XIRECS;10575.0;3
900500;;;SNACKPACK_STRAWBERRY;XIRECS;10594.0;4
903400;;;SNACKPACK_STRAWBERRY;XIRECS;10597.0;3
905400;;;SNACKPACK_STRAWBERRY;XIRECS;10667.0;4
909200;;;SNACKPACK_STRAWBERRY;XIRECS;10607.0;3
913600;;;SNACKPACK_STRAWBERRY;XIRECS;10611.0;3
919400;;;SNACKPACK_STRAWBERRY;XIRECS;10630.0;4
924000;;;SNACKPACK_STRAWBERRY;XIRECS;10537.0;1
925700;;;SNACKPACK_STRAWBERRY;XIRECS;10580.0;1
928600;;;SNACKPACK_STRAWBERRY;XIRECS;10558.0;4
929000;;;SNACKPACK_STRAWBERRY;XIRECS;10582.0;2
930300;;;SNACKPACK_STRAWBERRY;XIRECS;10537.0;3
933700;;;SNACKPACK_STRAWBERRY;XIRECS;10594.0;1
936100;;;SNACKPACK_STRAWBERRY;XIRECS;10587.0;3
938200;;;SNACKPACK_STRAWBERRY;XIRECS;10603.0;4
940300;;;SNACKPACK_STRAWBERRY;XIRECS;10601.0;4
949400;;;SNACKPACK_STRAWBERRY;XIRECS;10611.0;4
958800;;;SNACKPACK_STRAWBERRY;XIRECS;10617.0;2
959900;;;SNACKPACK_STRAWBERRY;XIRECS;10607.0;1
964500;;;SNACKPACK_STRAWBERRY;XIRECS;10605.0;1
964700;;;SNACKPACK_STRAWBERRY;XIRECS;10628.0;3
973300;;;SNACKPACK_STRAWBERRY;XIRECS;10613.0;3
979500;;;SNACKPACK_STRAWBERRY;XIRECS;10574.0;2
981000;;;SNACKPACK_STRAWBERRY;XIRECS;10544.0;1
985000;;;SNACKPACK_STRAWBERRY;XIRECS;10575.0;1
986000;;;SNACKPACK_STRAWBERRY;XIRECS;10576.0;4
986100;;;SNACKPACK_STRAWBERRY;XIRECS;10576.0;1
986900;;;SNACKPACK_STRAWBERRY;XIRECS;10565.0;3
989700;;;SNACKPACK_STRAWBERRY;XIRECS;10522.0;3
990000;;;SNACKPACK_STRAWBERRY;XIRECS;10523.0;2
991900;;;SNACKPACK_STRAWBERRY;XIRECS;10501.0;3
