timestamp;buyer;seller;symbol;currency;price;quantity
1700;;;SNACKPACK_CHOCOLATE;XIRECS;10005.0;4
1700;;;SNACKPACK_PISTACHIO;XIRECS;9976.0;4
1700;;;SNACKPACK_RASPBERRY;XIRECS;10017.0;4
1700;;;SNACKPACK_STRAWBERRY;XIRECS;9954.0;4
1700;;;SNACKPACK_VANILLA;XIRECS;9987.0;4
14500;;;SNACKPACK_CHOCOLATE;XIRECS;10038.0;1
14500;;;SNACKPACK_PISTACHIO;XIRECS;10009.0;1
14500;;;SNACKPACK_RASPBERRY;XIRECS;10005.0;1
14500;;;SNACKPACK_STRAWBERRY;XIRECS;10040.0;1
14500;;;SNACKPACK_VANILLA;XIRECS;10017.0;1
15100;;;SNACKPACK_CHOCOLATE;XIRECS;10039.0;2
15100;;;SNACKPACK_PISTACHIO;XIRECS;9987.0;2
15100;;;SNACKPACK_RASPBERRY;XIRECS;10023.0;2
15100;;;SNACKPACK_STRAWBERRY;XIRECS;10023.0;2
15100;;;SNACKPACK_VANILLA;XIRECS;10016.0;2
26500;;;SNACKPACK_CHOCOLATE;XIRECS;10047.0;4
26500;;;SNACKPACK_PISTACHIO;XIRECS;10032.0;4
26500;;;SNACKPACK_RASPBERRY;XIRECS;9933.0;4
26500;;;SNACKPACK_STRAWBERRY;XIRECS;10110.0;4
26500;;;SNACKPACK_VANILLA;XIRECS;9990.0;4
36400;;;SNACKPACK_CHOCOLATE;XIRECS;9944.0;4
36400;;;SNACKPACK_PISTACHIO;XIRECS;10050.0;4
36400;;;SNACKPACK_RASPBERRY;XIRECS;9854.0;4
36400;;;SNACKPACK_STRAWBERRY;XIRECS;10160.0;4
36400;;;SNACKPACK_VANILLA;XIRECS;10076.0;4
38400;;;SNACKPACK_CHOCOLATE;XIRECS;9913.0;4
38400;;;SNACKPACK_PISTACHIO;XIRECS;10070.0;4
38400;;;SNACKPACK_RASPBERRY;XIRECS;9799.0;4
38400;;;SNACKPACK_STRAWBERRY;XIRECS;10219.0;4
38400;;;SNACKPACK_VANILLA;XIRECS;10111.0;4
38600;;;SNACKPACK_CHOCOLATE;XIRECS;9943.0;4
38600;;;SNACKPACK_PISTACHIO;XIRECS;10083.0;4
38600;;;SNACKPACK_RASPBERRY;XIRECS;9812.0;4
38600;;;SNACKPACK_STRAWBERRY;XIRECS;10237.0;4
38600;;;SNACKPACK_VANILLA;XIRECS;10116.0;4
52600;;;SNACKPACK_CHOCOLATE;XIRECS;9887.0;2
52600;;;SNACKPACK_PISTACHIO;XIRECS;10041.0;2
52600;;;SNACKPACK_RASPBERRY;XIRECS;9839.0;2
52600;;;SNACKPACK_STRAWBERRY;XIRECS;10231.0;2
52600;;;SNACKPACK_VANILLA;XIRECS;10172.0;2
63900;;;SNACKPACK_CHOCOLATE;XIRECS;9881.0;2
63900;;;SNACKPACK_PISTACHIO;XIRECS;10070.0;2
63900;;;SNACKPACK_RASPBERRY;XIRECS;9816.0;2
63900;;;SNACKPACK_STRAWBERRY;XIRECS;10250.0;2
63900;;;SNACKPACK_VANILLA;XIRECS;10128.0;2
69500;;;SNACKPACK_CHOCOLATE;XIRECS;9931.0;2
69500;;;SNACKPACK_PISTACHIO;XIRECS;10035.0;2
69500;;;SNACKPACK_RASPBERRY;XIRECS;9888.0;2
69500;;;SNACKPACK_STRAWBERRY;XIRECS;10215.0;2
69500;;;SNACKPACK_VANILLA;XIRECS;10123.0;2
71200;;;SNACKPACK_CHOCOLATE;XIRECS;9908.0;1
71200;;;SNACKPACK_PISTACHIO;XIRECS;9986.0;1
71200;;;SNACKPACK_RASPBERRY;XIRECS;9913.0;1
71200;;;SNACKPACK_STRAWBERRY;XIRECS;10140.0;1
71200;;;SNACKPACK_VANILLA;XIRECS;10110.0;1
71900;;;SNACKPACK_CHOCOLATE;XIRECS;9914.0;4
71900;;;SNACKPACK_PISTACHIO;XIRECS;10005.0;4
71900;;;SNACKPACK_RASPBERRY;XIRECS;9921.0;4
71900;;;SNACKPACK_STRAWBERRY;XIRECS;10170.0;4
71900;;;SNACKPACK_VANILLA;XIRECS;10138.0;4
74900;;;SNACKPACK_CHOCOLATE;XIRECS;9884.0;1
74900;;;SNACKPACK_PISTACHIO;XIRECS;9978.0;1
74900;;;SNACKPACK_RASPBERRY;XIRECS;9893.0;1
74900;;;SNACKPACK_STRAWBERRY;XIRECS;10185.0;1
74900;;;SNACKPACK_VANILLA;XIRECS;10130.0;1
75600;;;SNACKPACK_CHOCOLATE;XIRECS;9886.0;4
75600;;;SNACKPACK_PISTACHIO;XIRECS;9995.0;4
75600;;;SNACKPACK_RASPBERRY;XIRECS;9902.0;4
75600;;;SNACKPACK_STRAWBERRY;XIRECS;10208.0;4
75600;;;SNACKPACK_VANILLA;XIRECS;10166.0;4
82400;;;SNACKPACK_CHOCOLATE;XIRECS;9766.0;4
82400;;;SNACKPACK_PISTACHIO;XIRECS;9927.0;4
82400;;;SNACKPACK_RASPBERRY;XIRECS;10051.0;4
82400;;;SNACKPACK_STRAWBERRY;XIRECS;10084.0;4
82400;;;SNACKPACK_VANILLA;XIRECS;10304.0;4
83300;;;SNACKPACK_CHOCOLATE;XIRECS;9765.0;1
83300;;;SNACKPACK_PISTACHIO;XIRECS;9879.0;1
83300;;;SNACKPACK_RASPBERRY;XIRECS;10060.0;1
83300;;;SNACKPACK_STRAWBERRY;XIRECS;10036.0;1
83300;;;SNACKPACK_VANILLA;XIRECS;10272.0;1
90200;;;SNACKPACK_CHOCOLATE;XIRECS;9804.0;4
90200;;;SNACKPACK_PISTACHIO;XIRECS;9796.0;4
90200;;;SNACKPACK_RASPBERRY;XIRECS;10176.0;4
90200;;;SNACKPACK_STRAWBERRY;XIRECS;9919.0;4
90200;;;SNACKPACK_VANILLA;XIRECS;10273.0;4
91700;;;SNACKPACK_CHOCOLATE;XIRECS;9841.0;1
91700;;;SNACKPACK_PISTACHIO;XIRECS;9815.0;1
91700;;;SNACKPACK_RASPBERRY;XIRECS;10109.0;1
91700;;;SNACKPACK_STRAWBERRY;XIRECS;9961.0;1
91700;;;SNACKPACK_VANILLA;XIRECS;10209.0;1
102800;;;SNACKPACK_CHOCOLATE;XIRECS;9889.0;3
102800;;;SNACKPACK_PISTACHIO;XIRECS;9766.0;3
102800;;;SNACKPACK_RASPBERRY;XIRECS;10220.0;3
102800;;;SNACKPACK_STRAWBERRY;XIRECS;9905.0;3
102800;;;SNACKPACK_VANILLA;XIRECS;10171.0;3
104000;;;SNACKPACK_CHOCOLATE;XIRECS;9901.0;2
104000;;;SNACKPACK_PISTACHIO;XIRECS;9747.0;2
104000;;;SNACKPACK_RASPBERRY;XIRECS;10260.0;2
104000;;;SNACKPACK_STRAWBERRY;XIRECS;9876.0;2
104000;;;SNACKPACK_VANILLA;XIRECS;10170.0;2
104800;;;SNACKPACK_CHOCOLATE;XIRECS;9864.0;3
104800;;;SNACKPACK_PISTACHIO;XIRECS;9738.0;3
104800;;;SNACKPACK_RASPBERRY;XIRECS;10241.0;3
104800;;;SNACKPACK_STRAWBERRY;XIRECS;9870.0;3
104800;;;SNACKPACK_VANILLA;XIRECS;10181.0;3
106800;;;SNACKPACK_CHOCOLATE;XIRECS;9858.0;2
106800;;;SNACKPACK_PISTACHIO;XIRECS;9707.0;2
106800;;;SNACKPACK_RASPBERRY;XIRECS;10249.0;2
106800;;;SNACKPACK_STRAWBERRY;XIRECS;9859.0;2
106800;;;SNACKPACK_VANILLA;XIRECS;10186.0;2
109600;;;SNACKPACK_CHOCOLATE;XIRECS;9830.0;4
109600;;;SNACKPACK_PISTACHIO;XIRECS;9708.0;4
109600;;;SNACKPACK_RASPBERRY;XIRECS;10312.0;4
109600;;;SNACKPACK_STRAWBERRY;XIRECS;9842.0;4
109600;;;SNACKPACK_VANILLA;XIRECS;10242.0;4
110700;;;SNACKPACK_CHOCOLATE;XIRECS;9816.0;1
110700;;;SNACKPACK_PISTACHIO;XIRECS;9706.0;1
110700;;;SNACKPACK_RASPBERRY;XIRECS;10273.0;1
110700;;;SNACKPACK_STRAWBERRY;XIRECS;9846.0;1
110700;;;SNACKPACK_VANILLA;XIRECS;10220.0;1
113800;;;SNACKPACK_CHOCOLATE;XIRECS;9835.0;3
113800;;;SNACKPACK_PISTACHIO;XIRECS;9701.0;3
113800;;;SNACKPACK_RASPBERRY;XIRECS;10280.0;3
113800;;;SNACKPACK_STRAWBERRY;XIRECS;9835.0;3
113800;;;SNACKPACK_VANILLA;XIRECS;10206.0;3
121100;;;SNACKPACK_CHOCOLATE;XIRECS;9932.0;4
121100;;;SNACKPACK_PISTACHIO;XIRECS;9717.0;4
121100;;;SNACKPACK_RASPBERRY;XIRECS;10299.0;4
121100;;;SNACKPACK_STRAWBERRY;XIRECS;9863.0;4
121100;;;SNACKPACK_VANILLA;XIRECS;10129.0;4
123300;;;SNACKPACK_CHOCOLATE;XIRECS;9942.0;2
123300;;;SNACKPACK_PISTACHIO;XIRECS;9699.0;2
123300;;;SNACKPACK_RASPBERRY;XIRECS;10326.0;2
123300;;;SNACKPACK_STRAWBERRY;XIRECS;9848.0;2
123300;;;SNACKPACK_VANILLA;XIRECS;10121.0;2
126600;;;SNACKPACK_CHOCOLATE;XIRECS;9896.0;1
126600;;;SNACKPACK_PISTACHIO;XIRECS;9697.0;1
126600;;;SNACKPACK_RASPBERRY;XIRECS;10327.0;1
126600;;;SNACKPACK_STRAWBERRY;XIRECS;9860.0;1
126600;;;SNACKPACK_VANILLA;XIRECS;10191.0;1
127200;;;SNACKPACK_CHOCOLATE;XIRECS;9872.0;1
127200;;;SNACKPACK_PISTACHIO;XIRECS;9665.0;1
127200;;;SNACKPACK_RASPBERRY;XIRECS;10317.0;1
127200;;;SNACKPACK_STRAWBERRY;XIRECS;9829.0;1
127200;;;SNACKPACK_VANILLA;XIRECS;10184.0;1
127500;;;SNACKPACK_CHOCOLATE;XIRECS;9906.0;3
127500;;;SNACKPACK_PISTACHIO;XIRECS;9684.0;3
127500;;;SNACKPACK_RASPBERRY;XIRECS;10333.0;3
127500;;;SNACKPACK_STRAWBERRY;XIRECS;9849.0;3
127500;;;SNACKPACK_VANILLA;XIRECS;10181.0;3
132000;;;SNACKPACK_CHOCOLATE;XIRECS;9948.0;4
132000;;;SNACKPACK_PISTACHIO;XIRECS;9679.0;4
132000;;;SNACKPACK_RASPBERRY;XIRECS;10351.0;4
132000;;;SNACKPACK_STRAWBERRY;XIRECS;9821.0;4
132000;;;SNACKPACK_VANILLA;XIRECS;10148.0;4
133300;;;SNACKPACK_CHOCOLATE;XIRECS;9949.0;2
133300;;;SNACKPACK_PISTACHIO;XIRECS;9694.0;2
133300;;;SNACKPACK_RASPBERRY;XIRECS;10334.0;2
133300;;;SNACKPACK_STRAWBERRY;XIRECS;9840.0;2
133300;;;SNACKPACK_VANILLA;XIRECS;10146.0;2
134800;;;SNACKPACK_CHOCOLATE;XIRECS;9949.0;3
134800;;;SNACKPACK_PISTACHIO;XIRECS;9668.0;3
134800;;;SNACKPACK_RASPBERRY;XIRECS;10355.0;3
134800;;;SNACKPACK_STRAWBERRY;XIRECS;9817.0;3
134800;;;SNACKPACK_VANILLA;XIRECS;10156.0;3
137500;;;SNACKPACK_CHOCOLATE;XIRECS;10032.0;1
137500;;;SNACKPACK_PISTACHIO;XIRECS;9660.0;1
137500;;;SNACKPACK_RASPBERRY;XIRECS;10363.0;1
137500;;;SNACKPACK_STRAWBERRY;XIRECS;9801.0;1
137500;;;SNACKPACK_VANILLA;XIRECS;10076.0;1
138900;;;SNACKPACK_CHOCOLATE;XIRECS;10045.0;1
138900;;;SNACKPACK_PISTACHIO;XIRECS;9678.0;1
138900;;;SNACKPACK_RASPBERRY;XIRECS;10346.0;1
138900;;;SNACKPACK_STRAWBERRY;XIRECS;9821.0;1
138900;;;SNACKPACK_VANILLA;XIRECS;10069.0;1
152400;;;SNACKPACK_CHOCOLATE;XIRECS;9953.0;4
152400;;;SNACKPACK_PISTACHIO;XIRECS;9572.0;4
152400;;;SNACKPACK_RASPBERRY;XIRECS;10517.0;4
152400;;;SNACKPACK_STRAWBERRY;XIRECS;9672.0;4
152400;;;SNACKPACK_VANILLA;XIRECS;10139.0;4
172500;;;SNACKPACK_CHOCOLATE;XIRECS;10117.0;2
172500;;;SNACKPACK_PISTACHIO;XIRECS;9557.0;2
172500;;;SNACKPACK_RASPBERRY;XIRECS;10510.0;2
172500;;;SNACKPACK_STRAWBERRY;XIRECS;9738.0;2
172500;;;SNACKPACK_VANILLA;XIRECS;9993.0;2
173400;;;SNACKPACK_CHOCOLATE;XIRECS;10129.0;2
173400;;;SNACKPACK_PISTACHIO;XIRECS;9570.0;2
173400;;;SNACKPACK_RASPBERRY;XIRECS;10481.0;2
173400;;;SNACKPACK_STRAWBERRY;XIRECS;9762.0;2
173400;;;SNACKPACK_VANILLA;XIRECS;9982.0;2
177700;;;SNACKPACK_CHOCOLATE;XIRECS;10135.0;2
177700;;;SNACKPACK_PISTACHIO;XIRECS;9619.0;2
177700;;;SNACKPACK_RASPBERRY;XIRECS;10421.0;2
177700;;;SNACKPACK_STRAWBERRY;XIRECS;9825.0;2
177700;;;SNACKPACK_VANILLA;XIRECS;9964.0;2
187800;;;SNACKPACK_CHOCOLATE;XIRECS;10133.0;1
187800;;;SNACKPACK_PISTACHIO;XIRECS;9729.0;1
187800;;;SNACKPACK_RASPBERRY;XIRECS;10281.0;1
187800;;;SNACKPACK_STRAWBERRY;XIRECS;10024.0;1
187800;;;SNACKPACK_VANILLA;XIRECS;9966.0;1
189100;;;SNACKPACK_CHOCOLATE;XIRECS;10112.0;2
189100;;;SNACKPACK_PISTACHIO;XIRECS;9737.0;2
189100;;;SNACKPACK_RASPBERRY;XIRECS;10268.0;2
189100;;;SNACKPACK_STRAWBERRY;XIRECS;10030.0;2
189100;;;SNACKPACK_VANILLA;XIRECS;9981.0;2
189700;;;SNACKPACK_CHOCOLATE;XIRECS;10090.0;1
189700;;;SNACKPACK_PISTACHIO;XIRECS;9726.0;1
189700;;;SNACKPACK_RASPBERRY;XIRECS;10240.0;1
189700;;;SNACKPACK_STRAWBERRY;XIRECS;10030.0;1
189700;;;SNACKPACK_VANILLA;XIRECS;9971.0;1
194400;;;SNACKPACK_CHOCOLATE;XIRECS;10063.0;1
194400;;;SNACKPACK_PISTACHIO;XIRECS;9742.0;1
194400;;;SNACKPACK_RASPBERRY;XIRECS;10206.0;1
194400;;;SNACKPACK_STRAWBERRY;XIRECS;10082.0;1
194400;;;SNACKPACK_VANILLA;XIRECS;9980.0;1
198500;;;SNACKPACK_CHOCOLATE;XIRECS;10012.0;3
198500;;;SNACKPACK_PISTACHIO;XIRECS;9695.0;3
198500;;;SNACKPACK_RASPBERRY;XIRECS;10308.0;3
198500;;;SNACKPACK_STRAWBERRY;XIRECS;10001.0;3
198500;;;SNACKPACK_VANILLA;XIRECS;10064.0;3
200100;;;SNACKPACK_CHOCOLATE;XIRECS;10025.0;3
200100;;;SNACKPACK_PISTACHIO;XIRECS;9675.0;3
200100;;;SNACKPACK_RASPBERRY;XIRECS;10321.0;3
200100;;;SNACKPACK_STRAWBERRY;XIRECS;9998.0;3
200100;;;SNACKPACK_VANILLA;XIRECS;10048.0;3
201400;;;SNACKPACK_CHOCOLATE;XIRECS;10021.0;1
201400;;;SNACKPACK_PISTACHIO;XIRECS;9681.0;1
201400;;;SNACKPACK_RASPBERRY;XIRECS;10335.0;1
201400;;;SNACKPACK_STRAWBERRY;XIRECS;9986.0;1
201400;;;SNACKPACK_VANILLA;XIRECS;10049.0;1
206200;;;SNACKPACK_CHOCOLATE;XIRECS;10020.0;3
206200;;;SNACKPACK_PISTACHIO;XIRECS;9688.0;3
206200;;;SNACKPACK_RASPBERRY;XIRECS;10266.0;3
206200;;;SNACKPACK_STRAWBERRY;XIRECS;10022.0;3
206200;;;SNACKPACK_VANILLA;XIRECS;10043.0;3
214600;;;SNACKPACK_CHOCOLATE;XIRECS;10034.0;1
214600;;;SNACKPACK_PISTACHIO;XIRECS;9712.0;1
214600;;;SNACKPACK_RASPBERRY;XIRECS;10271.0;1
214600;;;SNACKPACK_STRAWBERRY;XIRECS;10032.0;1
214600;;;SNACKPACK_VANILLA;XIRECS;10047.0;1
219100;;;SNACKPACK_CHOCOLATE;XIRECS;9980.0;2
219100;;;SNACKPACK_PISTACHIO;XIRECS;9702.0;2
219100;;;SNACKPACK_RASPBERRY;XIRECS;10250.0;2
219100;;;SNACKPACK_STRAWBERRY;XIRECS;10034.0;2
219100;;;SNACKPACK_VANILLA;XIRECS;10049.0;2
231700;;;SNACKPACK_CHOCOLATE;XIRECS;10029.0;2
231700;;;SNACKPACK_PISTACHIO;XIRECS;9717.0;2
231700;;;SNACKPACK_RASPBERRY;XIRECS;10226.0;2
231700;;;SNACKPACK_STRAWBERRY;XIRECS;10080.0;2
231700;;;SNACKPACK_VANILLA;XIRECS;9978.0;2
231900;;;SNACKPACK_CHOCOLATE;XIRECS;10058.0;3
231900;;;SNACKPACK_PISTACHIO;XIRECS;9723.0;3
231900;;;SNACKPACK_RASPBERRY;XIRECS;10257.0;3
231900;;;SNACKPACK_STRAWBERRY;XIRECS;10085.0;3
231900;;;SNACKPACK_VANILLA;XIRECS;9982.0;3
232200;;;SNACKPACK_CHOCOLATE;XIRECS;10041.0;4
232200;;;SNACKPACK_PISTACHIO;XIRECS;9738.0;4
232200;;;SNACKPACK_RASPBERRY;XIRECS;10231.0;4
232200;;;SNACKPACK_STRAWBERRY;XIRECS;10110.0;4
232200;;;SNACKPACK_VANILLA;XIRECS;10000.0;4
245300;;;SNACKPACK_CHOCOLATE;XIRECS;10015.0;3
245300;;;SNACKPACK_PISTACHIO;XIRECS;9837.0;3
245300;;;SNACKPACK_RASPBERRY;XIRECS;10042.0;3
245300;;;SNACKPACK_STRAWBERRY;XIRECS;10288.0;3
245300;;;SNACKPACK_VANILLA;XIRECS;9995.0;3
247900;;;SNACKPACK_CHOCOLATE;XIRECS;10045.0;2
247900;;;SNACKPACK_PISTACHIO;XIRECS;9874.0;2
247900;;;SNACKPACK_RASPBERRY;XIRECS;9982.0;2
247900;;;SNACKPACK_STRAWBERRY;XIRECS;10375.0;2
247900;;;SNACKPACK_VANILLA;XIRECS;10009.0;2
249700;;;SNACKPACK_CHOCOLATE;XIRECS;10026.0;3
249700;;;SNACKPACK_PISTACHIO;XIRECS;9852.0;3
249700;;;SNACKPACK_RASPBERRY;XIRECS;10016.0;3
249700;;;SNACKPACK_STRAWBERRY;XIRECS;10342.0;3
249700;;;SNACKPACK_VANILLA;XIRECS;10028.0;3
250300;;;SNACKPACK_CHOCOLATE;XIRECS;10033.0;1
250300;;;SNACKPACK_PISTACHIO;XIRECS;9835.0;1
250300;;;SNACKPACK_RASPBERRY;XIRECS;10028.0;1
250300;;;SNACKPACK_STRAWBERRY;XIRECS;10328.0;1
250300;;;SNACKPACK_VANILLA;XIRECS;10022.0;1
260000;;;SNACKPACK_CHOCOLATE;XIRECS;10033.0;2
260000;;;SNACKPACK_PISTACHIO;XIRECS;9851.0;2
260000;;;SNACKPACK_RASPBERRY;XIRECS;9919.0;2
260000;;;SNACKPACK_STRAWBERRY;XIRECS;10402.0;2
260000;;;SNACKPACK_VANILLA;XIRECS;9979.0;2
262700;;;SNACKPACK_CHOCOLATE;XIRECS;10037.0;3
262700;;;SNACKPACK_PISTACHIO;XIRECS;9877.0;3
262700;;;SNACKPACK_RASPBERRY;XIRECS;9918.0;3
262700;;;SNACKPACK_STRAWBERRY;XIRECS;10460.0;3
262700;;;SNACKPACK_VANILLA;XIRECS;10004.0;3
265200;;;SNACKPACK_CHOCOLATE;XIRECS;10049.0;3
265200;;;SNACKPACK_PISTACHIO;XIRECS;9859.0;3
265200;;;SNACKPACK_RASPBERRY;XIRECS;9890.0;3
265200;;;SNACKPACK_STRAWBERRY;XIRECS;10451.0;3
265200;;;SNACKPACK_VANILLA;XIRECS;9959.0;3
275400;;;SNACKPACK_CHOCOLATE;XIRECS;9974.0;1
275400;;;SNACKPACK_PISTACHIO;XIRECS;9791.0;1
275400;;;SNACKPACK_RASPBERRY;XIRECS;10019.0;1
275400;;;SNACKPACK_STRAWBERRY;XIRECS;10328.0;1
275400;;;SNACKPACK_VANILLA;XIRECS;10051.0;1
276200;;;SNACKPACK_CHOCOLATE;XIRECS;10011.0;3
276200;;;SNACKPACK_PISTACHIO;XIRECS;9770.0;3
276200;;;SNACKPACK_RASPBERRY;XIRECS;9998.0;3
276200;;;SNACKPACK_STRAWBERRY;XIRECS;10318.0;3
276200;;;SNACKPACK_VANILLA;XIRECS;9989.0;3
283600;;;SNACKPACK_CHOCOLATE;XIRECS;9969.0;3
283600;;;SNACKPACK_PISTACHIO;XIRECS;9750.0;3
283600;;;SNACKPACK_RASPBERRY;XIRECS;10096.0;3
283600;;;SNACKPACK_STRAWBERRY;XIRECS;10265.0;3
283600;;;SNACKPACK_VANILLA;XIRECS;10037.0;3
286100;;;SNACKPACK_CHOCOLATE;XIRECS;9949.0;1
286100;;;SNACKPACK_PISTACHIO;XIRECS;9775.0;1
286100;;;SNACKPACK_RASPBERRY;XIRECS;10043.0;1
286100;;;SNACKPACK_STRAWBERRY;XIRECS;10309.0;1
286100;;;SNACKPACK_VANILLA;XIRECS;10061.0;1
287200;;;SNACKPACK_CHOCOLATE;XIRECS;9915.0;2
287200;;;SNACKPACK_PISTACHIO;XIRECS;9799.0;2
287200;;;SNACKPACK_RASPBERRY;XIRECS;9998.0;2
287200;;;SNACKPACK_STRAWBERRY;XIRECS;10356.0;2
287200;;;SNACKPACK_VANILLA;XIRECS;10098.0;2
287400;;;SNACKPACK_CHOCOLATE;XIRECS;9890.0;2
287400;;;SNACKPACK_PISTACHIO;XIRECS;9799.0;2
287400;;;SNACKPACK_RASPBERRY;XIRECS;9996.0;2
287400;;;SNACKPACK_STRAWBERRY;XIRECS;10356.0;2
287400;;;SNACKPACK_VANILLA;XIRECS;10123.0;2
290600;;;SNACKPACK_CHOCOLATE;XIRECS;9840.0;2
290600;;;SNACKPACK_PISTACHIO;XIRECS;9757.0;2
290600;;;SNACKPACK_RASPBERRY;XIRECS;10086.0;2
290600;;;SNACKPACK_STRAWBERRY;XIRECS;10266.0;2
290600;;;SNACKPACK_VANILLA;XIRECS;10172.0;2
292500;;;SNACKPACK_CHOCOLATE;XIRECS;9842.0;1
292500;;;SNACKPACK_PISTACHIO;XIRECS;9748.0;1
292500;;;SNACKPACK_RASPBERRY;XIRECS;10067.0;1
292500;;;SNACKPACK_STRAWBERRY;XIRECS;10245.0;1
292500;;;SNACKPACK_VANILLA;XIRECS;10132.0;1
296200;;;SNACKPACK_CHOCOLATE;XIRECS;9891.0;3
296200;;;SNACKPACK_PISTACHIO;XIRECS;9750.0;3
296200;;;SNACKPACK_RASPBERRY;XIRECS;10039.0;3
296200;;;SNACKPACK_STRAWBERRY;XIRECS;10261.0;3
296200;;;SNACKPACK_VANILLA;XIRECS;10086.0;3
297100;;;SNACKPACK_CHOCOLATE;XIRECS;9913.0;4
297100;;;SNACKPACK_PISTACHIO;XIRECS;9775.0;4
297100;;;SNACKPACK_RASPBERRY;XIRECS;10024.0;4
297100;;;SNACKPACK_STRAWBERRY;XIRECS;10312.0;4
297100;;;SNACKPACK_VANILLA;XIRECS;10100.0;4
298100;;;SNACKPACK_CHOCOLATE;XIRECS;9927.0;3
298100;;;SNACKPACK_PISTACHIO;XIRECS;9745.0;3
298100;;;SNACKPACK_RASPBERRY;XIRECS;10037.0;3
298100;;;SNACKPACK_STRAWBERRY;XIRECS;10271.0;3
298100;;;SNACKPACK_VANILLA;XIRECS;10046.0;3
298500;;;SNACKPACK_CHOCOLATE;XIRECS;9914.0;3
298500;;;SNACKPACK_PISTACHIO;XIRECS;9741.0;3
298500;;;SNACKPACK_RASPBERRY;XIRECS;10043.0;3
298500;;;SNACKPACK_STRAWBERRY;XIRECS;10268.0;3
298500;;;SNACKPACK_VANILLA;XIRECS;10059.0;3
305800;;;SNACKPACK_CHOCOLATE;XIRECS;9992.0;3
305800;;;SNACKPACK_PISTACHIO;XIRECS;9733.0;3
305800;;;SNACKPACK_RASPBERRY;XIRECS;10117.0;3
305800;;;SNACKPACK_STRAWBERRY;XIRECS;10216.0;3
305800;;;SNACKPACK_VANILLA;XIRECS;10016.0;3
313500;;;SNACKPACK_CHOCOLATE;XIRECS;9831.0;2
313500;;;SNACKPACK_PISTACHIO;XIRECS;9690.0;2
313500;;;SNACKPACK_RASPBERRY;XIRECS;10086.0;2
313500;;;SNACKPACK_STRAWBERRY;XIRECS;10226.0;2
313500;;;SNACKPACK_VANILLA;XIRECS;10134.0;2
314900;;;SNACKPACK_CHOCOLATE;XIRECS;9794.0;3
314900;;;SNACKPACK_PISTACHIO;XIRECS;9657.0;3
314900;;;SNACKPACK_RASPBERRY;XIRECS;10136.0;3
314900;;;SNACKPACK_STRAWBERRY;XIRECS;10175.0;3
314900;;;SNACKPACK_VANILLA;XIRECS;10166.0;3
317000;;;SNACKPACK_CHOCOLATE;XIRECS;9784.0;3
317000;;;SNACKPACK_PISTACHIO;XIRECS;9657.0;3
317000;;;SNACKPACK_RASPBERRY;XIRECS;10129.0;3
317000;;;SNACKPACK_STRAWBERRY;XIRECS;10188.0;3
317000;;;SNACKPACK_VANILLA;XIRECS;10177.0;3
317600;;;SNACKPACK_CHOCOLATE;XIRECS;9754.0;1
317600;;;SNACKPACK_PISTACHIO;XIRECS;9649.0;1
317600;;;SNACKPACK_RASPBERRY;XIRECS;10141.0;1
317600;;;SNACKPACK_STRAWBERRY;XIRECS;10169.0;1
317600;;;SNACKPACK_VANILLA;XIRECS;10205.0;1
322400;;;SNACKPACK_CHOCOLATE;XIRECS;9818.0;1
322400;;;SNACKPACK_PISTACHIO;XIRECS;9696.0;1
322400;;;SNACKPACK_RASPBERRY;XIRECS;10081.0;1
322400;;;SNACKPACK_STRAWBERRY;XIRECS;10229.0;1
322400;;;SNACKPACK_VANILLA;XIRECS;10149.0;1
326500;;;SNACKPACK_CHOCOLATE;XIRECS;9815.0;2
326500;;;SNACKPACK_PISTACHIO;XIRECS;9630.0;2
326500;;;SNACKPACK_RASPBERRY;XIRECS;10147.0;2
326500;;;SNACKPACK_STRAWBERRY;XIRECS;10131.0;2
326500;;;SNACKPACK_VANILLA;XIRECS;10151.0;2
332600;;;SNACKPACK_CHOCOLATE;XIRECS;9816.0;4
332600;;;SNACKPACK_PISTACHIO;XIRECS;9612.0;4
332600;;;SNACKPACK_RASPBERRY;XIRECS;10156.0;4
332600;;;SNACKPACK_STRAWBERRY;XIRECS;10165.0;4
332600;;;SNACKPACK_VANILLA;XIRECS;10184.0;4
333600;;;SNACKPACK_CHOCOLATE;XIRECS;9799.0;4
333600;;;SNACKPACK_PISTACHIO;XIRECS;9598.0;4
333600;;;SNACKPACK_RASPBERRY;XIRECS;10194.0;4
333600;;;SNACKPACK_STRAWBERRY;XIRECS;10137.0;4
333600;;;SNACKPACK_VANILLA;XIRECS;10193.0;4
334800;;;SNACKPACK_CHOCOLATE;XIRECS;9791.0;2
334800;;;SNACKPACK_PISTACHIO;XIRECS;9581.0;2
334800;;;SNACKPACK_RASPBERRY;XIRECS;10169.0;2
334800;;;SNACKPACK_STRAWBERRY;XIRECS;10129.0;2
334800;;;SNACKPACK_VANILLA;XIRECS;10170.0;2
338000;;;SNACKPACK_CHOCOLATE;XIRECS;9778.0;3
338000;;;SNACKPACK_PISTACHIO;XIRECS;9570.0;3
338000;;;SNACKPACK_RASPBERRY;XIRECS;10183.0;3
338000;;;SNACKPACK_STRAWBERRY;XIRECS;10144.0;3
338000;;;SNACKPACK_VANILLA;XIRECS;10221.0;3
339500;;;SNACKPACK_CHOCOLATE;XIRECS;9810.0;4
339500;;;SNACKPACK_PISTACHIO;XIRECS;9609.0;4
339500;;;SNACKPACK_RASPBERRY;XIRECS;10128.0;4
339500;;;SNACKPACK_STRAWBERRY;XIRECS;10198.0;4
339500;;;SNACKPACK_VANILLA;XIRECS;10189.0;4
344700;;;SNACKPACK_CHOCOLATE;XIRECS;9804.0;3
344700;;;SNACKPACK_PISTACHIO;XIRECS;9525.0;3
344700;;;SNACKPACK_RASPBERRY;XIRECS;10170.0;3
344700;;;SNACKPACK_STRAWBERRY;XIRECS;10100.0;3
344700;;;SNACKPACK_VANILLA;XIRECS;10167.0;3
347700;;;SNACKPACK_CHOCOLATE;XIRECS;9804.0;1
347700;;;SNACKPACK_PISTACHIO;XIRECS;9544.0;1
347700;;;SNACKPACK_RASPBERRY;XIRECS;10131.0;1
347700;;;SNACKPACK_STRAWBERRY;XIRECS;10155.0;1
347700;;;SNACKPACK_VANILLA;XIRECS;10172.0;1
349700;;;SNACKPACK_CHOCOLATE;XIRECS;9862.0;3
349700;;;SNACKPACK_PISTACHIO;XIRECS;9555.0;3
349700;;;SNACKPACK_RASPBERRY;XIRECS;10166.0;3
349700;;;SNACKPACK_STRAWBERRY;XIRECS;10162.0;3
349700;;;SNACKPACK_VANILLA;XIRECS;10156.0;3
351100;;;SNACKPACK_CHOCOLATE;XIRECS;9859.0;3
351100;;;SNACKPACK_PISTACHIO;XIRECS;9549.0;3
351100;;;SNACKPACK_RASPBERRY;XIRECS;10121.0;3
351100;;;SNACKPACK_STRAWBERRY;XIRECS;10175.0;3
351100;;;SNACKPACK_VANILLA;XIRECS;10129.0;3
361600;;;SNACKPACK_CHOCOLATE;XIRECS;9963.0;3
361600;;;SNACKPACK_PISTACHIO;XIRECS;9523.0;3
361600;;;SNACKPACK_RASPBERRY;XIRECS;10240.0;3
361600;;;SNACKPACK_STRAWBERRY;XIRECS;10135.0;3
361600;;;SNACKPACK_VANILLA;XIRECS;10051.0;3
363200;;;SNACKPACK_CHOCOLATE;XIRECS;9945.0;2
363200;;;SNACKPACK_PISTACHIO;XIRECS;9522.0;2
363200;;;SNACKPACK_RASPBERRY;XIRECS;10258.0;2
363200;;;SNACKPACK_STRAWBERRY;XIRECS;10125.0;2
363200;;;SNACKPACK_VANILLA;XIRECS;10068.0;2
363600;;;SNACKPACK_CHOCOLATE;XIRECS;9950.0;3
363600;;;SNACKPACK_PISTACHIO;XIRECS;9505.0;3
363600;;;SNACKPACK_RASPBERRY;XIRECS;10288.0;3
363600;;;SNACKPACK_STRAWBERRY;XIRECS;10095.0;3
363600;;;SNACKPACK_VANILLA;XIRECS;10070.0;3
364700;;;SNACKPACK_CHOCOLATE;XIRECS;9918.0;3
364700;;;SNACKPACK_PISTACHIO;XIRECS;9501.0;3
364700;;;SNACKPACK_RASPBERRY;XIRECS;10235.0;3
364700;;;SNACKPACK_STRAWBERRY;XIRECS;10103.0;3
364700;;;SNACKPACK_VANILLA;XIRECS;10068.0;3
365800;;;SNACKPACK_CHOCOLATE;XIRECS;9951.0;4
365800;;;SNACKPACK_PISTACHIO;XIRECS;9473.0;4
365800;;;SNACKPACK_RASPBERRY;XIRECS;10270.0;4
365800;;;SNACKPACK_STRAWBERRY;XIRECS;10070.0;4
365800;;;SNACKPACK_VANILLA;XIRECS;10041.0;4
370100;;;SNACKPACK_CHOCOLATE;XIRECS;10031.0;2
370100;;;SNACKPACK_PISTACHIO;XIRECS;9438.0;2
370100;;;SNACKPACK_RASPBERRY;XIRECS;10305.0;2
370100;;;SNACKPACK_STRAWBERRY;XIRECS;10040.0;2
370100;;;SNACKPACK_VANILLA;XIRECS;9957.0;2
381600;;;SNACKPACK_CHOCOLATE;XIRECS;10036.0;4
381600;;;SNACKPACK_PISTACHIO;XIRECS;9507.0;4
381600;;;SNACKPACK_RASPBERRY;XIRECS;10204.0;4
381600;;;SNACKPACK_STRAWBERRY;XIRECS;10135.0;4
381600;;;SNACKPACK_VANILLA;XIRECS;9954.0;4
387000;;;SNACKPACK_CHOCOLATE;XIRECS;10023.0;2
387000;;;SNACKPACK_PISTACHIO;XIRECS;9518.0;2
387000;;;SNACKPACK_RASPBERRY;XIRECS;10147.0;2
387000;;;SNACKPACK_STRAWBERRY;XIRECS;10172.0;2
387000;;;SNACKPACK_VANILLA;XIRECS;9971.0;2
390100;;;SNACKPACK_CHOCOLATE;XIRECS;10004.0;3
390100;;;SNACKPACK_PISTACHIO;XIRECS;9547.0;3
390100;;;SNACKPACK_RASPBERRY;XIRECS;10140.0;3
390100;;;SNACKPACK_STRAWBERRY;XIRECS;10205.0;3
390100;;;SNACKPACK_VANILLA;XIRECS;10021.0;3
392200;;;SNACKPACK_CHOCOLATE;XIRECS;9976.0;3
392200;;;SNACKPACK_PISTACHIO;XIRECS;9536.0;3
392200;;;SNACKPACK_RASPBERRY;XIRECS;10089.0;3
392200;;;SNACKPACK_STRAWBERRY;XIRECS;10216.0;3
392200;;;SNACKPACK_VANILLA;XIRECS;10009.0;3
393600;;;SNACKPACK_CHOCOLATE;XIRECS;9949.0;2
393600;;;SNACKPACK_PISTACHIO;XIRECS;9550.0;2
393600;;;SNACKPACK_RASPBERRY;XIRECS;10092.0;2
393600;;;SNACKPACK_STRAWBERRY;XIRECS;10216.0;2
393600;;;SNACKPACK_VANILLA;XIRECS;10036.0;2
400100;;;SNACKPACK_CHOCOLATE;XIRECS;9945.0;4
400100;;;SNACKPACK_PISTACHIO;XIRECS;9518.0;4
400100;;;SNACKPACK_RASPBERRY;XIRECS;10149.0;4
400100;;;SNACKPACK_STRAWBERRY;XIRECS;10169.0;4
400100;;;SNACKPACK_VANILLA;XIRECS;10023.0;4
408800;;;SNACKPACK_CHOCOLATE;XIRECS;10033.0;4
408800;;;SNACKPACK_PISTACHIO;XIRECS;9452.0;4
408800;;;SNACKPACK_RASPBERRY;XIRECS;10245.0;4
408800;;;SNACKPACK_STRAWBERRY;XIRECS;10085.0;4
408800;;;SNACKPACK_VANILLA;XIRECS;9974.0;4
411900;;;SNACKPACK_CHOCOLATE;XIRECS;10031.0;2
411900;;;SNACKPACK_PISTACHIO;XIRECS;9494.0;2
411900;;;SNACKPACK_RASPBERRY;XIRECS;10148.0;2
411900;;;SNACKPACK_STRAWBERRY;XIRECS;10147.0;2
411900;;;SNACKPACK_VANILLA;XIRECS;9950.0;2
414100;;;SNACKPACK_CHOCOLATE;XIRECS;10072.0;1
414100;;;SNACKPACK_PISTACHIO;XIRECS;9503.0;1
414100;;;SNACKPACK_RASPBERRY;XIRECS;10123.0;1
414100;;;SNACKPACK_STRAWBERRY;XIRECS;10166.0;1
414100;;;SNACKPACK_VANILLA;XIRECS;9921.0;1
415800;;;SNACKPACK_CHOCOLATE;XIRECS;10071.0;3
415800;;;SNACKPACK_PISTACHIO;XIRECS;9514.0;3
415800;;;SNACKPACK_RASPBERRY;XIRECS;10095.0;3
415800;;;SNACKPACK_STRAWBERRY;XIRECS;10201.0;3
415800;;;SNACKPACK_VANILLA;XIRECS;9931.0;3
417200;;;SNACKPACK_CHOCOLATE;XIRECS;10085.0;3
417200;;;SNACKPACK_PISTACHIO;XIRECS;9476.0;3
417200;;;SNACKPACK_RASPBERRY;XIRECS;10139.0;3
417200;;;SNACKPACK_STRAWBERRY;XIRECS;10163.0;3
417200;;;SNACKPACK_VANILLA;XIRECS;9918.0;3
427400;;;SNACKPACK_CHOCOLATE;XIRECS;10133.0;4
427400;;;SNACKPACK_PISTACHIO;XIRECS;9510.0;4
427400;;;SNACKPACK_RASPBERRY;XIRECS;10145.0;4
427400;;;SNACKPACK_STRAWBERRY;XIRECS;10169.0;4
427400;;;SNACKPACK_VANILLA;XIRECS;9879.0;4
445100;;;SNACKPACK_CHOCOLATE;XIRECS;10150.0;1
445100;;;SNACKPACK_PISTACHIO;XIRECS;9581.0;1
445100;;;SNACKPACK_RASPBERRY;XIRECS;10039.0;1
445100;;;SNACKPACK_STRAWBERRY;XIRECS;10273.0;1
445100;;;SNACKPACK_VANILLA;XIRECS;9817.0;1
446000;;;SNACKPACK_CHOCOLATE;XIRECS;10109.0;1
446000;;;SNACKPACK_PISTACHIO;XIRECS;9566.0;1
446000;;;SNACKPACK_RASPBERRY;XIRECS;10034.0;1
446000;;;SNACKPACK_STRAWBERRY;XIRECS;10277.0;1
446000;;;SNACKPACK_VANILLA;XIRECS;9858.0;1
450500;;;SNACKPACK_CHOCOLATE;XIRECS;10060.0;2
450500;;;SNACKPACK_PISTACHIO;XIRECS;9559.0;2
450500;;;SNACKPACK_RASPBERRY;XIRECS;10061.0;2
450500;;;SNACKPACK_STRAWBERRY;XIRECS;10275.0;2
450500;;;SNACKPACK_VANILLA;XIRECS;9930.0;2
451100;;;SNACKPACK_CHOCOLATE;XIRECS;10079.0;1
451100;;;SNACKPACK_PISTACHIO;XIRECS;9587.0;1
451100;;;SNACKPACK_RASPBERRY;XIRECS;10031.0;1
451100;;;SNACKPACK_STRAWBERRY;XIRECS;10317.0;1
451100;;;SNACKPACK_VANILLA;XIRECS;9913.0;1
453800;;;SNACKPACK_CHOCOLATE;XIRECS;10085.0;2
453800;;;SNACKPACK_PISTACHIO;XIRECS;9571.0;2
453800;;;SNACKPACK_RASPBERRY;XIRECS;10003.0;2
453800;;;SNACKPACK_STRAWBERRY;XIRECS;10303.0;2
453800;;;SNACKPACK_VANILLA;XIRECS;9889.0;2
455200;;;SNACKPACK_CHOCOLATE;XIRECS;10097.0;2
455200;;;SNACKPACK_PISTACHIO;XIRECS;9587.0;2
455200;;;SNACKPACK_RASPBERRY;XIRECS;10032.0;2
455200;;;SNACKPACK_STRAWBERRY;XIRECS;10317.0;2
455200;;;SNACKPACK_VANILLA;XIRECS;9899.0;2
471500;;;SNACKPACK_CHOCOLATE;XIRECS;10181.0;2
471500;;;SNACKPACK_PISTACHIO;XIRECS;9585.0;2
471500;;;SNACKPACK_RASPBERRY;XIRECS;10009.0;2
471500;;;SNACKPACK_STRAWBERRY;XIRECS;10316.0;2
471500;;;SNACKPACK_VANILLA;XIRECS;9767.0;2
471600;;;SNACKPACK_CHOCOLATE;XIRECS;10214.0;3
471600;;;SNACKPACK_PISTACHIO;XIRECS;9597.0;3
471600;;;SNACKPACK_RASPBERRY;XIRECS;10033.0;3
471600;;;SNACKPACK_STRAWBERRY;XIRECS;10327.0;3
471600;;;SNACKPACK_VANILLA;XIRECS;9769.0;3
475400;;;SNACKPACK_CHOCOLATE;XIRECS;10192.0;3
475400;;;SNACKPACK_PISTACHIO;XIRECS;9556.0;3
475400;;;SNACKPACK_RASPBERRY;XIRECS;10044.0;3
475400;;;SNACKPACK_STRAWBERRY;XIRECS;10297.0;3
475400;;;SNACKPACK_VANILLA;XIRECS;9787.0;3
476600;;;SNACKPACK_CHOCOLATE;XIRECS;10212.0;4
476600;;;SNACKPACK_PISTACHIO;XIRECS;9591.0;4
476600;;;SNACKPACK_RASPBERRY;XIRECS;9997.0;4
476600;;;SNACKPACK_STRAWBERRY;XIRECS;10337.0;4
476600;;;SNACKPACK_VANILLA;XIRECS;9772.0;4
481300;;;SNACKPACK_CHOCOLATE;XIRECS;10211.0;4
481300;;;SNACKPACK_PISTACHIO;XIRECS;9583.0;4
481300;;;SNACKPACK_RASPBERRY;XIRECS;9937.0;4
481300;;;SNACKPACK_STRAWBERRY;XIRECS;10347.0;4
481300;;;SNACKPACK_VANILLA;XIRECS;9734.0;4
484100;;;SNACKPACK_CHOCOLATE;XIRECS;10240.0;1
484100;;;SNACKPACK_PISTACHIO;XIRECS;9565.0;1
484100;;;SNACKPACK_RASPBERRY;XIRECS;9952.0;1
484100;;;SNACKPACK_STRAWBERRY;XIRECS;10335.0;1
484100;;;SNACKPACK_VANILLA;XIRECS;9703.0;1
485100;;;SNACKPACK_CHOCOLATE;XIRECS;10282.0;4
485100;;;SNACKPACK_PISTACHIO;XIRECS;9567.0;4
485100;;;SNACKPACK_RASPBERRY;XIRECS;9986.0;4
485100;;;SNACKPACK_STRAWBERRY;XIRECS;10334.0;4
485100;;;SNACKPACK_VANILLA;XIRECS;9700.0;4
494100;;;SNACKPACK_CHOCOLATE;XIRECS;10248.0;4
494100;;;SNACKPACK_PISTACHIO;XIRECS;9551.0;4
494100;;;SNACKPACK_RASPBERRY;XIRECS;10000.0;4
494100;;;SNACKPACK_STRAWBERRY;XIRECS;10310.0;4
494100;;;SNACKPACK_VANILLA;XIRECS;9688.0;4
499500;;;SNACKPACK_CHOCOLATE;XIRECS;10206.0;3
499500;;;SNACKPACK_PISTACHIO;XIRECS;9529.0;3
499500;;;SNACKPACK_RASPBERRY;XIRECS;10017.0;3
499500;;;SNACKPACK_STRAWBERRY;XIRECS;10306.0;3
499500;;;SNACKPACK_VANILLA;XIRECS;9762.0;3
500400;;;SNACKPACK_CHOCOLATE;XIRECS;10169.0;1
500400;;;SNACKPACK_PISTACHIO;XIRECS;9527.0;1
500400;;;SNACKPACK_RASPBERRY;XIRECS;9987.0;1
500400;;;SNACKPACK_STRAWBERRY;XIRECS;10308.0;1
500400;;;SNACKPACK_VANILLA;XIRECS;9758.0;1
502800;;;SNACKPACK_CHOCOLATE;XIRECS;10170.0;2
502800;;;SNACKPACK_PISTACHIO;XIRECS;9558.0;2
502800;;;SNACKPACK_RASPBERRY;XIRECS;9982.0;2
502800;;;SNACKPACK_STRAWBERRY;XIRECS;10343.0;2
502800;;;SNACKPACK_VANILLA;XIRECS;9790.0;2
503200;;;SNACKPACK_CHOCOLATE;XIRECS;10162.0;4
503200;;;SNACKPACK_PISTACHIO;XIRECS;9570.0;4
503200;;;SNACKPACK_RASPBERRY;XIRECS;9962.0;4
503200;;;SNACKPACK_STRAWBERRY;XIRECS;10363.0;4
503200;;;SNACKPACK_VANILLA;XIRECS;9798.0;4
507800;;;SNACKPACK_CHOCOLATE;XIRECS;10232.0;1
507800;;;SNACKPACK_PISTACHIO;XIRECS;9579.0;1
507800;;;SNACKPACK_RASPBERRY;XIRECS;9905.0;1
507800;;;SNACKPACK_STRAWBERRY;XIRECS;10392.0;1
507800;;;SNACKPACK_VANILLA;XIRECS;9698.0;1
512900;;;SNACKPACK_CHOCOLATE;XIRECS;10197.0;2
512900;;;SNACKPACK_PISTACHIO;XIRECS;9509.0;2
512900;;;SNACKPACK_RASPBERRY;XIRECS;9985.0;2
512900;;;SNACKPACK_STRAWBERRY;XIRECS;10301.0;2
512900;;;SNACKPACK_VANILLA;XIRECS;9730.0;2
516400;;;SNACKPACK_CHOCOLATE;XIRECS;10204.0;4
516400;;;SNACKPACK_PISTACHIO;XIRECS;9549.0;4
516400;;;SNACKPACK_RASPBERRY;XIRECS;9999.0;4
516400;;;SNACKPACK_STRAWBERRY;XIRECS;10330.0;4
516400;;;SNACKPACK_VANILLA;XIRECS;9753.0;4
522000;;;SNACKPACK_CHOCOLATE;XIRECS;10164.0;4
522000;;;SNACKPACK_PISTACHIO;XIRECS;9541.0;4
522000;;;SNACKPACK_RASPBERRY;XIRECS;10037.0;4
522000;;;SNACKPACK_STRAWBERRY;XIRECS;10286.0;4
522000;;;SNACKPACK_VANILLA;XIRECS;9789.0;4
523500;;;SNACKPACK_CHOCOLATE;XIRECS;10166.0;2
523500;;;SNACKPACK_PISTACHIO;XIRECS;9509.0;2
523500;;;SNACKPACK_RASPBERRY;XIRECS;10036.0;2
523500;;;SNACKPACK_STRAWBERRY;XIRECS;10255.0;2
523500;;;SNACKPACK_VANILLA;XIRECS;9760.0;2
528000;;;SNACKPACK_CHOCOLATE;XIRECS;10151.0;1
528000;;;SNACKPACK_PISTACHIO;XIRECS;9548.0;1
528000;;;SNACKPACK_RASPBERRY;XIRECS;10040.0;1
528000;;;SNACKPACK_STRAWBERRY;XIRECS;10282.0;1
528000;;;SNACKPACK_VANILLA;XIRECS;9817.0;1
528100;;;SNACKPACK_CHOCOLATE;XIRECS;10151.0;2
528100;;;SNACKPACK_PISTACHIO;XIRECS;9543.0;2
528100;;;SNACKPACK_RASPBERRY;XIRECS;10045.0;2
528100;;;SNACKPACK_STRAWBERRY;XIRECS;10276.0;2
528100;;;SNACKPACK_VANILLA;XIRECS;9817.0;2
533900;;;SNACKPACK_CHOCOLATE;XIRECS;10129.0;1
533900;;;SNACKPACK_PISTACHIO;XIRECS;9589.0;1
533900;;;SNACKPACK_RASPBERRY;XIRECS;9955.0;1
533900;;;SNACKPACK_STRAWBERRY;XIRECS;10392.0;1
533900;;;SNACKPACK_VANILLA;XIRECS;9839.0;1
537500;;;SNACKPACK_CHOCOLATE;XIRECS;10118.0;4
537500;;;SNACKPACK_PISTACHIO;XIRECS;9587.0;4
537500;;;SNACKPACK_RASPBERRY;XIRECS;9928.0;4
537500;;;SNACKPACK_STRAWBERRY;XIRECS;10392.0;4
537500;;;SNACKPACK_VANILLA;XIRECS;9819.0;4
537900;;;SNACKPACK_CHOCOLATE;XIRECS;10114.0;1
537900;;;SNACKPACK_PISTACHIO;XIRECS;9586.0;1
537900;;;SNACKPACK_RASPBERRY;XIRECS;9920.0;1
537900;;;SNACKPACK_STRAWBERRY;XIRECS;10396.0;1
537900;;;SNACKPACK_VANILLA;XIRECS;9822.0;1
544700;;;SNACKPACK_CHOCOLATE;XIRECS;10127.0;2
544700;;;SNACKPACK_PISTACHIO;XIRECS;9630.0;2
544700;;;SNACKPACK_RASPBERRY;XIRECS;9877.0;2
544700;;;SNACKPACK_STRAWBERRY;XIRECS;10442.0;2
544700;;;SNACKPACK_VANILLA;XIRECS;9812.0;2
559400;;;SNACKPACK_CHOCOLATE;XIRECS;10152.0;2
559400;;;SNACKPACK_PISTACHIO;XIRECS;9619.0;2
559400;;;SNACKPACK_RASPBERRY;XIRECS;9878.0;2
559400;;;SNACKPACK_STRAWBERRY;XIRECS;10421.0;2
559400;;;SNACKPACK_VANILLA;XIRECS;9811.0;2
564000;;;SNACKPACK_CHOCOLATE;XIRECS;10163.0;4
564000;;;SNACKPACK_PISTACHIO;XIRECS;9620.0;4
564000;;;SNACKPACK_RASPBERRY;XIRECS;9898.0;4
564000;;;SNACKPACK_STRAWBERRY;XIRECS;10401.0;4
564000;;;SNACKPACK_VANILLA;XIRECS;9791.0;4
566300;;;SNACKPACK_CHOCOLATE;XIRECS;10132.0;3
566300;;;SNACKPACK_PISTACHIO;XIRECS;9632.0;3
566300;;;SNACKPACK_RASPBERRY;XIRECS;9950.0;3
566300;;;SNACKPACK_STRAWBERRY;XIRECS;10393.0;3
566300;;;SNACKPACK_VANILLA;XIRECS;9867.0;3
566900;;;SNACKPACK_CHOCOLATE;XIRECS;10153.0;4
566900;;;SNACKPACK_PISTACHIO;XIRECS;9642.0;4
566900;;;SNACKPACK_RASPBERRY;XIRECS;9934.0;4
566900;;;SNACKPACK_STRAWBERRY;XIRECS;10412.0;4
566900;;;SNACKPACK_VANILLA;XIRECS;9845.0;4
568400;;;SNACKPACK_CHOCOLATE;XIRECS;10088.0;1
568400;;;SNACKPACK_PISTACHIO;XIRECS;9638.0;1
568400;;;SNACKPACK_RASPBERRY;XIRECS;9894.0;1
568400;;;SNACKPACK_STRAWBERRY;XIRECS;10418.0;1
568400;;;SNACKPACK_VANILLA;XIRECS;9866.0;1
569900;;;SNACKPACK_CHOCOLATE;XIRECS;10082.0;3
569900;;;SNACKPACK_PISTACHIO;XIRECS;9621.0;3
569900;;;SNACKPACK_RASPBERRY;XIRECS;9928.0;3
569900;;;SNACKPACK_STRAWBERRY;XIRECS;10380.0;3
569900;;;SNACKPACK_VANILLA;XIRECS;9870.0;3
579100;;;SNACKPACK_CHOCOLATE;XIRECS;10038.0;2
579100;;;SNACKPACK_PISTACHIO;XIRECS;9575.0;2
579100;;;SNACKPACK_RASPBERRY;XIRECS;10021.0;2
579100;;;SNACKPACK_STRAWBERRY;XIRECS;10287.0;2
579100;;;SNACKPACK_VANILLA;XIRECS;9915.0;2
582900;;;SNACKPACK_CHOCOLATE;XIRECS;9942.0;2
582900;;;SNACKPACK_PISTACHIO;XIRECS;9555.0;2
582900;;;SNACKPACK_RASPBERRY;XIRECS;10132.0;2
582900;;;SNACKPACK_STRAWBERRY;XIRECS;10222.0;2
582900;;;SNACKPACK_VANILLA;XIRECS;10043.0;2
584000;;;SNACKPACK_CHOCOLATE;XIRECS;9972.0;1
584000;;;SNACKPACK_PISTACHIO;XIRECS;9562.0;1
584000;;;SNACKPACK_RASPBERRY;XIRECS;10126.0;1
584000;;;SNACKPACK_STRAWBERRY;XIRECS;10231.0;1
584000;;;SNACKPACK_VANILLA;XIRECS;10019.0;1
591700;;;SNACKPACK_CHOCOLATE;XIRECS;9938.0;3
591700;;;SNACKPACK_PISTACHIO;XIRECS;9566.0;3
591700;;;SNACKPACK_RASPBERRY;XIRECS;10033.0;3
591700;;;SNACKPACK_STRAWBERRY;XIRECS;10297.0;3
591700;;;SNACKPACK_VANILLA;XIRECS;10074.0;3
592800;;;SNACKPACK_CHOCOLATE;XIRECS;9892.0;1
592800;;;SNACKPACK_PISTACHIO;XIRECS;9537.0;1
592800;;;SNACKPACK_RASPBERRY;XIRECS;10053.0;1
592800;;;SNACKPACK_STRAWBERRY;XIRECS;10247.0;1
592800;;;SNACKPACK_VANILLA;XIRECS;10086.0;1
604000;;;SNACKPACK_CHOCOLATE;XIRECS;9924.0;2
604000;;;SNACKPACK_PISTACHIO;XIRECS;9554.0;2
604000;;;SNACKPACK_RASPBERRY;XIRECS;10015.0;2
604000;;;SNACKPACK_STRAWBERRY;XIRECS;10298.0;2
604000;;;SNACKPACK_VANILLA;XIRECS;10070.0;2
610400;;;SNACKPACK_CHOCOLATE;XIRECS;9901.0;1
610400;;;SNACKPACK_PISTACHIO;XIRECS;9446.0;1
610400;;;SNACKPACK_RASPBERRY;XIRECS;10205.0;1
610400;;;SNACKPACK_STRAWBERRY;XIRECS;10122.0;1
610400;;;SNACKPACK_VANILLA;XIRECS;10096.0;1
614700;;;SNACKPACK_CHOCOLATE;XIRECS;9832.0;3
614700;;;SNACKPACK_PISTACHIO;XIRECS;9434.0;3
614700;;;SNACKPACK_RASPBERRY;XIRECS;10301.0;3
614700;;;SNACKPACK_STRAWBERRY;XIRECS;10057.0;3
614700;;;SNACKPACK_VANILLA;XIRECS;10203.0;3
620700;;;SNACKPACK_CHOCOLATE;XIRECS;9843.0;3
620700;;;SNACKPACK_PISTACHIO;XIRECS;9427.0;3
620700;;;SNACKPACK_RASPBERRY;XIRECS;10261.0;3
620700;;;SNACKPACK_STRAWBERRY;XIRECS;10094.0;3
620700;;;SNACKPACK_VANILLA;XIRECS;10176.0;3
631800;;;SNACKPACK_CHOCOLATE;XIRECS;9816.0;3
631800;;;SNACKPACK_PISTACHIO;XIRECS;9517.0;3
631800;;;SNACKPACK_RASPBERRY;XIRECS;10070.0;3
631800;;;SNACKPACK_STRAWBERRY;XIRECS;10297.0;3
631800;;;SNACKPACK_VANILLA;XIRECS;10232.0;3
640700;;;SNACKPACK_CHOCOLATE;XIRECS;9853.0;2
640700;;;SNACKPACK_PISTACHIO;XIRECS;9577.0;2
640700;;;SNACKPACK_RASPBERRY;XIRECS;9999.0;2
640700;;;SNACKPACK_STRAWBERRY;XIRECS;10347.0;2
640700;;;SNACKPACK_VANILLA;XIRECS;10186.0;2
647000;;;SNACKPACK_CHOCOLATE;XIRECS;9820.0;3
647000;;;SNACKPACK_PISTACHIO;XIRECS;9612.0;3
647000;;;SNACKPACK_RASPBERRY;XIRECS;9962.0;3
647000;;;SNACKPACK_STRAWBERRY;XIRECS;10412.0;3
647000;;;SNACKPACK_VANILLA;XIRECS;10233.0;3
656900;;;SNACKPACK_CHOCOLATE;XIRECS;9901.0;4
656900;;;SNACKPACK_PISTACHIO;XIRECS;9522.0;4
656900;;;SNACKPACK_RASPBERRY;XIRECS;10062.0;4
656900;;;SNACKPACK_STRAWBERRY;XIRECS;10306.0;4
656900;;;SNACKPACK_VANILLA;XIRECS;10159.0;4
663100;;;SNACKPACK_CHOCOLATE;XIRECS;9808.0;1
663100;;;SNACKPACK_PISTACHIO;XIRECS;9588.0;1
663100;;;SNACKPACK_RASPBERRY;XIRECS;9977.0;1
663100;;;SNACKPACK_STRAWBERRY;XIRECS;10401.0;1
663100;;;SNACKPACK_VANILLA;XIRECS;10244.0;1
667700;;;SNACKPACK_CHOCOLATE;XIRECS;9829.0;1
667700;;;SNACKPACK_PISTACHIO;XIRECS;9620.0;1
667700;;;SNACKPACK_RASPBERRY;XIRECS;9942.0;1
667700;;;SNACKPACK_STRAWBERRY;XIRECS;10476.0;1
667700;;;SNACKPACK_VANILLA;XIRECS;10267.0;1
676700;;;SNACKPACK_CHOCOLATE;XIRECS;9852.0;2
676700;;;SNACKPACK_PISTACHIO;XIRECS;9631.0;2
676700;;;SNACKPACK_RASPBERRY;XIRECS;9948.0;2
676700;;;SNACKPACK_STRAWBERRY;XIRECS;10499.0;2
676700;;;SNACKPACK_VANILLA;XIRECS;10256.0;2
682400;;;SNACKPACK_CHOCOLATE;XIRECS;9725.0;3
682400;;;SNACKPACK_PISTACHIO;XIRECS;9661.0;3
682400;;;SNACKPACK_RASPBERRY;XIRECS;9875.0;3
682400;;;SNACKPACK_STRAWBERRY;XIRECS;10533.0;3
682400;;;SNACKPACK_VANILLA;XIRECS;10342.0;3
688200;;;SNACKPACK_CHOCOLATE;XIRECS;9733.0;1
688200;;;SNACKPACK_PISTACHIO;XIRECS;9665.0;1
688200;;;SNACKPACK_RASPBERRY;XIRECS;9861.0;1
688200;;;SNACKPACK_STRAWBERRY;XIRECS;10540.0;1
688200;;;SNACKPACK_VANILLA;XIRECS;10333.0;1
700500;;;SNACKPACK_CHOCOLATE;XIRECS;9755.0;1
700500;;;SNACKPACK_PISTACHIO;XIRECS;9680.0;1
700500;;;SNACKPACK_RASPBERRY;XIRECS;9812.0;1
700500;;;SNACKPACK_STRAWBERRY;XIRECS;10577.0;1
700500;;;SNACKPACK_VANILLA;XIRECS;10318.0;1
700600;;;SNACKPACK_CHOCOLATE;XIRECS;9763.0;4
700600;;;SNACKPACK_PISTACHIO;XIRECS;9681.0;4
700600;;;SNACKPACK_RASPBERRY;XIRECS;9813.0;4
700600;;;SNACKPACK_STRAWBERRY;XIRECS;10578.0;4
700600;;;SNACKPACK_VANILLA;XIRECS;10311.0;4
705100;;;SNACKPACK_CHOCOLATE;XIRECS;9789.0;2
705100;;;SNACKPACK_PISTACHIO;XIRECS;9693.0;2
705100;;;SNACKPACK_RASPBERRY;XIRECS;9877.0;2
705100;;;SNACKPACK_STRAWBERRY;XIRECS;10577.0;2
705100;;;SNACKPACK_VANILLA;XIRECS;10310.0;2
710100;;;SNACKPACK_CHOCOLATE;XIRECS;9732.0;1
710100;;;SNACKPACK_PISTACHIO;XIRECS;9652.0;1
710100;;;SNACKPACK_RASPBERRY;XIRECS;9934.0;1
710100;;;SNACKPACK_STRAWBERRY;XIRECS;10539.0;1
710100;;;SNACKPACK_VANILLA;XIRECS;10366.0;1
721200;;;SNACKPACK_CHOCOLATE;XIRECS;9742.0;2
721200;;;SNACKPACK_PISTACHIO;XIRECS;9655.0;2
721200;;;SNACKPACK_RASPBERRY;XIRECS;9842.0;2
721200;;;SNACKPACK_STRAWBERRY;XIRECS;10587.0;2
721200;;;SNACKPACK_VANILLA;XIRECS;10328.0;2
721900;;;SNACKPACK_CHOCOLATE;XIRECS;9752.0;1
721900;;;SNACKPACK_PISTACHIO;XIRECS;9646.0;1
721900;;;SNACKPACK_RASPBERRY;XIRECS;9902.0;1
721900;;;SNACKPACK_STRAWBERRY;XIRECS;10571.0;1
721900;;;SNACKPACK_VANILLA;XIRECS;10357.0;1
725900;;;SNACKPACK_CHOCOLATE;XIRECS;9837.0;2
725900;;;SNACKPACK_PISTACHIO;XIRECS;9618.0;2
725900;;;SNACKPACK_RASPBERRY;XIRECS;9902.0;2
725900;;;SNACKPACK_STRAWBERRY;XIRECS;10553.0;2
725900;;;SNACKPACK_VANILLA;XIRECS;10276.0;2
729400;;;SNACKPACK_CHOCOLATE;XIRECS;9776.0;2
729400;;;SNACKPACK_PISTACHIO;XIRECS;9648.0;2
729400;;;SNACKPACK_RASPBERRY;XIRECS;9922.0;2
729400;;;SNACKPACK_STRAWBERRY;XIRECS;10554.0;2
729400;;;SNACKPACK_VANILLA;XIRECS;10335.0;2
733200;;;SNACKPACK_CHOCOLATE;XIRECS;9794.0;1
733200;;;SNACKPACK_PISTACHIO;XIRECS;9665.0;1
733200;;;SNACKPACK_RASPBERRY;XIRECS;9855.0;1
733200;;;SNACKPACK_STRAWBERRY;XIRECS;10593.0;1
733200;;;SNACKPACK_VANILLA;XIRECS;10288.0;1
735900;;;SNACKPACK_CHOCOLATE;XIRECS;9731.0;1
735900;;;SNACKPACK_PISTACHIO;XIRECS;9665.0;1
735900;;;SNACKPACK_RASPBERRY;XIRECS;9901.0;1
735900;;;SNACKPACK_STRAWBERRY;XIRECS;10571.0;1
735900;;;SNACKPACK_VANILLA;XIRECS;10347.0;1
754200;;;SNACKPACK_CHOCOLATE;XIRECS;9694.0;4
754200;;;SNACKPACK_PISTACHIO;XIRECS;9689.0;4
754200;;;SNACKPACK_RASPBERRY;XIRECS;9909.0;4
754200;;;SNACKPACK_STRAWBERRY;XIRECS;10580.0;4
754200;;;SNACKPACK_VANILLA;XIRECS;10387.0;4
757300;;;SNACKPACK_CHOCOLATE;XIRECS;9711.0;2
757300;;;SNACKPACK_PISTACHIO;XIRECS;9705.0;2
757300;;;SNACKPACK_RASPBERRY;XIRECS;9876.0;2
757300;;;SNACKPACK_STRAWBERRY;XIRECS;10609.0;2
757300;;;SNACKPACK_VANILLA;XIRECS;10361.0;2
758500;;;SNACKPACK_CHOCOLATE;XIRECS;9702.0;4
758500;;;SNACKPACK_PISTACHIO;XIRECS;9714.0;4
758500;;;SNACKPACK_RASPBERRY;XIRECS;9864.0;4
758500;;;SNACKPACK_STRAWBERRY;XIRECS;10624.0;4
758500;;;SNACKPACK_VANILLA;XIRECS;10371.0;4
764000;;;SNACKPACK_CHOCOLATE;XIRECS;9699.0;1
764000;;;SNACKPACK_PISTACHIO;XIRECS;9681.0;1
764000;;;SNACKPACK_RASPBERRY;XIRECS;9937.0;1
764000;;;SNACKPACK_STRAWBERRY;XIRECS;10545.0;1
764000;;;SNACKPACK_VANILLA;XIRECS;10362.0;1
767300;;;SNACKPACK_CHOCOLATE;XIRECS;9743.0;4
767300;;;SNACKPACK_PISTACHIO;XIRECS;9691.0;4
767300;;;SNACKPACK_RASPBERRY;XIRECS;9955.0;4
767300;;;SNACKPACK_STRAWBERRY;XIRECS;10578.0;4
767300;;;SNACKPACK_VANILLA;XIRECS;10351.0;4
768200;;;SNACKPACK_CHOCOLATE;XIRECS;9735.0;3
768200;;;SNACKPACK_PISTACHIO;XIRECS;9667.0;3
768200;;;SNACKPACK_RASPBERRY;XIRECS;9960.0;3
768200;;;SNACKPACK_STRAWBERRY;XIRECS;10543.0;3
768200;;;SNACKPACK_VANILLA;XIRECS;10319.0;3
776100;;;SNACKPACK_CHOCOLATE;XIRECS;9813.0;2
776100;;;SNACKPACK_PISTACHIO;XIRECS;9677.0;2
776100;;;SNACKPACK_RASPBERRY;XIRECS;9955.0;2
776100;;;SNACKPACK_STRAWBERRY;XIRECS;10555.0;2
776100;;;SNACKPACK_VANILLA;XIRECS;10269.0;2
776400;;;SNACKPACK_CHOCOLATE;XIRECS;9798.0;1
776400;;;SNACKPACK_PISTACHIO;XIRECS;9675.0;1
776400;;;SNACKPACK_RASPBERRY;XIRECS;9908.0;1
776400;;;SNACKPACK_STRAWBERRY;XIRECS;10567.0;1
776400;;;SNACKPACK_VANILLA;XIRECS;10248.0;1
780300;;;SNACKPACK_CHOCOLATE;XIRECS;9867.0;2
780300;;;SNACKPACK_PISTACHIO;XIRECS;9679.0;2
780300;;;SNACKPACK_RASPBERRY;XIRECS;9933.0;2
780300;;;SNACKPACK_STRAWBERRY;XIRECS;10568.0;2
780300;;;SNACKPACK_VANILLA;XIRECS;10207.0;2
784200;;;SNACKPACK_CHOCOLATE;XIRECS;9875.0;3
784200;;;SNACKPACK_PISTACHIO;XIRECS;9664.0;3
784200;;;SNACKPACK_RASPBERRY;XIRECS;9971.0;3
784200;;;SNACKPACK_STRAWBERRY;XIRECS;10552.0;3
784200;;;SNACKPACK_VANILLA;XIRECS;10202.0;3
785100;;;SNACKPACK_CHOCOLATE;XIRECS;9863.0;3
785100;;;SNACKPACK_PISTACHIO;XIRECS;9660.0;3
785100;;;SNACKPACK_RASPBERRY;XIRECS;9953.0;3
785100;;;SNACKPACK_STRAWBERRY;XIRECS;10538.0;3
785100;;;SNACKPACK_VANILLA;XIRECS;10181.0;3
787300;;;SNACKPACK_CHOCOLATE;XIRECS;9938.0;2
787300;;;SNACKPACK_PISTACHIO;XIRECS;9683.0;2
787300;;;SNACKPACK_RASPBERRY;XIRECS;9944.0;2
787300;;;SNACKPACK_STRAWBERRY;XIRECS;10579.0;2
787300;;;SNACKPACK_VANILLA;XIRECS;10136.0;2
792300;;;SNACKPACK_CHOCOLATE;XIRECS;9922.0;1
792300;;;SNACKPACK_PISTACHIO;XIRECS;9667.0;1
792300;;;SNACKPACK_RASPBERRY;XIRECS;9912.0;1
792300;;;SNACKPACK_STRAWBERRY;XIRECS;10576.0;1
792300;;;SNACKPACK_VANILLA;XIRECS;10117.0;1
797900;;;SNACKPACK_CHOCOLATE;XIRECS;9879.0;4
797900;;;SNACKPACK_PISTACHIO;XIRECS;9764.0;4
797900;;;SNACKPACK_RASPBERRY;XIRECS;9792.0;4
797900;;;SNACKPACK_STRAWBERRY;XIRECS;10709.0;4
797900;;;SNACKPACK_VANILLA;XIRECS;10161.0;4
804500;;;SNACKPACK_CHOCOLATE;XIRECS;9885.0;1
804500;;;SNACKPACK_PISTACHIO;XIRECS;9776.0;1
804500;;;SNACKPACK_RASPBERRY;XIRECS;9790.0;1
804500;;;SNACKPACK_STRAWBERRY;XIRECS;10715.0;1
804500;;;SNACKPACK_VANILLA;XIRECS;10156.0;1
809300;;;SNACKPACK_CHOCOLATE;XIRECS;9878.0;2
809300;;;SNACKPACK_PISTACHIO;XIRECS;9786.0;2
809300;;;SNACKPACK_RASPBERRY;XIRECS;9817.0;2
809300;;;SNACKPACK_STRAWBERRY;XIRECS;10731.0;2
809300;;;SNACKPACK_VANILLA;XIRECS;10175.0;2
822500;;;SNACKPACK_CHOCOLATE;XIRECS;9899.0;3
822500;;;SNACKPACK_PISTACHIO;XIRECS;9719.0;3
822500;;;SNACKPACK_RASPBERRY;XIRECS;9977.0;3
822500;;;SNACKPACK_STRAWBERRY;XIRECS;10589.0;3
822500;;;SNACKPACK_VANILLA;XIRECS;10157.0;3
826100;;;SNACKPACK_CHOCOLATE;XIRECS;9895.0;3
826100;;;SNACKPACK_PISTACHIO;XIRECS;9668.0;3
826100;;;SNACKPACK_RASPBERRY;XIRECS;9990.0;3
826100;;;SNACKPACK_STRAWBERRY;XIRECS;10545.0;3
826100;;;SNACKPACK_VANILLA;XIRECS;10126.0;3
828200;;;SNACKPACK_CHOCOLATE;XIRECS;9917.0;3
828200;;;SNACKPACK_PISTACHIO;XIRECS;9658.0;3
828200;;;SNACKPACK_RASPBERRY;XIRECS;10004.0;3
828200;;;SNACKPACK_STRAWBERRY;XIRECS;10533.0;3
828200;;;SNACKPACK_VANILLA;XIRECS;10099.0;3
832200;;;SNACKPACK_CHOCOLATE;XIRECS;9965.0;2
832200;;;SNACKPACK_PISTACHIO;XIRECS;9699.0;2
832200;;;SNACKPACK_RASPBERRY;XIRECS;9979.0;2
832200;;;SNACKPACK_STRAWBERRY;XIRECS;10560.0;2
832200;;;SNACKPACK_VANILLA;XIRECS;10092.0;2
835700;;;SNACKPACK_CHOCOLATE;XIRECS;9988.0;2
835700;;;SNACKPACK_PISTACHIO;XIRECS;9610.0;2
835700;;;SNACKPACK_RASPBERRY;XIRECS;10038.0;2
835700;;;SNACKPACK_STRAWBERRY;XIRECS;10457.0;2
835700;;;SNACKPACK_VANILLA;XIRECS;10035.0;2
845100;;;SNACKPACK_CHOCOLATE;XIRECS;9983.0;3
845100;;;SNACKPACK_PISTACHIO;XIRECS;9544.0;3
845100;;;SNACKPACK_RASPBERRY;XIRECS;10185.0;3
845100;;;SNACKPACK_STRAWBERRY;XIRECS;10364.0;3
845100;;;SNACKPACK_VANILLA;XIRECS;10079.0;3
849500;;;SNACKPACK_CHOCOLATE;XIRECS;10017.0;1
849500;;;SNACKPACK_PISTACHIO;XIRECS;9476.0;1
849500;;;SNACKPACK_RASPBERRY;XIRECS;10238.0;1
849500;;;SNACKPACK_STRAWBERRY;XIRECS;10277.0;1
849500;;;SNACKPACK_VANILLA;XIRECS;10005.0;1
850800;;;SNACKPACK_CHOCOLATE;XIRECS;10032.0;4
850800;;;SNACKPACK_PISTACHIO;XIRECS;9518.0;4
850800;;;SNACKPACK_RASPBERRY;XIRECS;10184.0;4
850800;;;SNACKPACK_STRAWBERRY;XIRECS;10338.0;4
850800;;;SNACKPACK_VANILLA;XIRECS;9988.0;4
864100;;;SNACKPACK_CHOCOLATE;XIRECS;10140.0;4
864100;;;SNACKPACK_PISTACHIO;XIRECS;9468.0;4
864100;;;SNACKPACK_RASPBERRY;XIRECS;10240.0;4
864100;;;SNACKPACK_STRAWBERRY;XIRECS;10302.0;4
864100;;;SNACKPACK_VANILLA;XIRECS;9899.0;4
864900;;;SNACKPACK_CHOCOLATE;XIRECS;10110.0;3
864900;;;SNACKPACK_PISTACHIO;XIRECS;9468.0;3
864900;;;SNACKPACK_RASPBERRY;XIRECS;10250.0;3
864900;;;SNACKPACK_STRAWBERRY;XIRECS;10302.0;3
864900;;;SNACKPACK_VANILLA;XIRECS;9921.0;3
873300;;;SNACKPACK_CHOCOLATE;XIRECS;10042.0;3
873300;;;SNACKPACK_PISTACHIO;XIRECS;9496.0;3
873300;;;SNACKPACK_RASPBERRY;XIRECS;10229.0;3
873300;;;SNACKPACK_STRAWBERRY;XIRECS;10327.0;3
873300;;;SNACKPACK_VANILLA;XIRECS;9976.0;3
879600;;;SNACKPACK_CHOCOLATE;XIRECS;10006.0;1
879600;;;SNACKPACK_PISTACHIO;XIRECS;9590.0;1
879600;;;SNACKPACK_RASPBERRY;XIRECS;10179.0;1
879600;;;SNACKPACK_STRAWBERRY;XIRECS;10438.0;1
879600;;;SNACKPACK_VANILLA;XIRECS;10046.0;1
881900;;;SNACKPACK_CHOCOLATE;XIRECS;9968.0;1
881900;;;SNACKPACK_PISTACHIO;XIRECS;9614.0;1
881900;;;SNACKPACK_RASPBERRY;XIRECS;10130.0;1
881900;;;SNACKPACK_STRAWBERRY;XIRECS;10495.0;1
881900;;;SNACKPACK_VANILLA;XIRECS;10094.0;1
886000;;;SNACKPACK_CHOCOLATE;XIRECS;9929.0;4
886000;;;SNACKPACK_PISTACHIO;XIRECS;9604.0;4
886000;;;SNACKPACK_RASPBERRY;XIRECS;10039.0;4
886000;;;SNACKPACK_STRAWBERRY;XIRECS;10534.0;4
886000;;;SNACKPACK_VANILLA;XIRECS;10108.0;4
891600;;;SNACKPACK_CHOCOLATE;XIRECS;9999.0;3
891600;;;SNACKPACK_PISTACHIO;XIRECS;9615.0;3
891600;;;SNACKPACK_RASPBERRY;XIRECS;10014.0;3
891600;;;SNACKPACK_STRAWBERRY;XIRECS;10575.0;3
891600;;;SNACKPACK_VANILLA;XIRECS;10059.0;3
900500;;;SNACKPACK_CHOCOLATE;XIRECS;9987.0;4
900500;;;SNACKPACK_PISTACHIO;XIRECS;9595.0;4
900500;;;SNACKPACK_RASPBERRY;XIRECS;9976.0;4
900500;;;SNACKPACK_STRAWBERRY;XIRECS;10594.0;4
900500;;;SNACKPACK_VANILLA;XIRECS;10054.0;4
903400;;;SNACKPACK_CHOCOLATE;XIRECS;10009.0;3
903400;;;SNACKPACK_PISTACHIO;XIRECS;9609.0;3
903400;;;SNACKPACK_RASPBERRY;XIRECS;9975.0;3
903400;;;SNACKPACK_STRAWBERRY;XIRECS;10597.0;3
903400;;;SNACKPACK_VANILLA;XIRECS;10030.0;3
905400;;;SNACKPACK_CHOCOLATE;XIRECS;10039.0;4
905400;;;SNACKPACK_PISTACHIO;XIRECS;9665.0;4
905400;;;SNACKPACK_RASPBERRY;XIRECS;9955.0;4
905400;;;SNACKPACK_STRAWBERRY;XIRECS;10667.0;4
905400;;;SNACKPACK_VANILLA;XIRECS;10039.0;4
909200;;;SNACKPACK_CHOCOLATE;XIRECS;9958.0;3
909200;;;SNACKPACK_PISTACHIO;XIRECS;9619.0;3
909200;;;SNACKPACK_RASPBERRY;XIRECS;9987.0;3
909200;;;SNACKPACK_STRAWBERRY;XIRECS;10607.0;3
909200;;;SNACKPACK_VANILLA;XIRECS;10079.0;3
913600;;;SNACKPACK_CHOCOLATE;XIRECS;9945.0;3
913600;;;SNACKPACK_PISTACHIO;XIRECS;9600.0;3
913600;;;SNACKPACK_RASPBERRY;XIRECS;9988.0;3
913600;;;SNACKPACK_STRAWBERRY;XIRECS;10611.0;3
913600;;;SNACKPACK_VANILLA;XIRECS;10073.0;3
919400;;;SNACKPACK_CHOCOLATE;XIRECS;9910.0;4
919400;;;SNACKPACK_PISTACHIO;XIRECS;9596.0;4
919400;;;SNACKPACK_RASPBERRY;XIRECS;9971.0;4
919400;;;SNACKPACK_STRAWBERRY;XIRECS;10630.0;4
919400;;;SNACKPACK_VANILLA;XIRECS;10096.0;4
924000;;;SNACKPACK_CHOCOLATE;XIRECS;9927.0;1
924000;;;SNACKPACK_PISTACHIO;XIRECS;9547.0;1
924000;;;SNACKPACK_RASPBERRY;XIRECS;10089.0;1
924000;;;SNACKPACK_STRAWBERRY;XIRECS;10537.0;1
924000;;;SNACKPACK_VANILLA;XIRECS;10102.0;1
925700;;;SNACKPACK_CHOCOLATE;XIRECS;9940.0;1
925700;;;SNACKPACK_PISTACHIO;XIRECS;9589.0;1
925700;;;SNACKPACK_RASPBERRY;XIRECS;10036.0;1
925700;;;SNACKPACK_STRAWBERRY;XIRECS;10580.0;1
925700;;;SNACKPACK_VANILLA;XIRECS;10085.0;1
928600;;;SNACKPACK_CHOCOLATE;XIRECS;9934.0;4
928600;;;SNACKPACK_PISTACHIO;XIRECS;9565.0;4
928600;;;SNACKPACK_RASPBERRY;XIRECS;10046.0;4
928600;;;SNACKPACK_STRAWBERRY;XIRECS;10558.0;4
928600;;;SNACKPACK_VANILLA;XIRECS;10091.0;4
929000;;;SNACKPACK_CHOCOLATE;XIRECS;9943.0;2
929000;;;SNACKPACK_PISTACHIO;XIRECS;9580.0;2
929000;;;SNACKPACK_RASPBERRY;XIRECS;10027.0;2
929000;;;SNACKPACK_STRAWBERRY;XIRECS;10582.0;2
929000;;;SNACKPACK_VANILLA;XIRECS;10079.0;2
930300;;;SNACKPACK_CHOCOLATE;XIRECS;9898.0;3
930300;;;SNACKPACK_PISTACHIO;XIRECS;9561.0;3
930300;;;SNACKPACK_RASPBERRY;XIRECS;10029.0;3
930300;;;SNACKPACK_STRAWBERRY;XIRECS;10537.0;3
930300;;;SNACKPACK_VANILLA;XIRECS;10086.0;3
933700;;;SNACKPACK_CHOCOLATE;XIRECS;9883.0;1
933700;;;SNACKPACK_PISTACHIO;XIRECS;9600.0;1
933700;;;SNACKPACK_RASPBERRY;XIRECS;10010.0;1
933700;;;SNACKPACK_STRAWBERRY;XIRECS;10594.0;1
933700;;;SNACKPACK_VANILLA;XIRECS;10123.0;1
936100;;;SNACKPACK_CHOCOLATE;XIRECS;9903.0;3
936100;;;SNACKPACK_PISTACHIO;XIRECS;9602.0;3
936100;;;SNACKPACK_RASPBERRY;XIRECS;9985.0;3
936100;;;SNACKPACK_STRAWBERRY;XIRECS;10587.0;3
936100;;;SNACKPACK_VANILLA;XIRECS;10063.0;3
938200;;;SNACKPACK_CHOCOLATE;XIRECS;9953.0;4
938200;;;SNACKPACK_PISTACHIO;XIRECS;9595.0;4
938200;;;SNACKPACK_RASPBERRY;XIRECS;9974.0;4
938200;;;SNACKPACK_STRAWBERRY;XIRECS;10603.0;4
938200;;;SNACKPACK_VANILLA;XIRECS;10007.0;4
940300;;;SNACKPACK_CHOCOLATE;XIRECS;9908.0;4
940300;;;SNACKPACK_PISTACHIO;XIRECS;9582.0;4
940300;;;SNACKPACK_RASPBERRY;XIRECS;9985.0;4
940300;;;SNACKPACK_STRAWBERRY;XIRECS;10601.0;4
940300;;;SNACKPACK_VANILLA;XIRECS;10045.0;4
949400;;;SNACKPACK_CHOCOLATE;XIRECS;9868.0;4
949400;;;SNACKPACK_PISTACHIO;XIRECS;9601.0;4
949400;;;SNACKPACK_RASPBERRY;XIRECS;10051.0;4
949400;;;SNACKPACK_STRAWBERRY;XIRECS;10611.0;4
949400;;;SNACKPACK_VANILLA;XIRECS;10117.0;4
958800;;;SNACKPACK_CHOCOLATE;XIRECS;10014.0;2
958800;;;SNACKPACK_PISTACHIO;XIRECS;9588.0;2
958800;;;SNACKPACK_RASPBERRY;XIRECS;10047.0;2
958800;;;SNACKPACK_STRAWBERRY;XIRECS;10617.0;2
958800;;;SNACKPACK_VANILLA;XIRECS;9963.0;2
959900;;;SNACKPACK_CHOCOLATE;XIRECS;10021.0;1
959900;;;SNACKPACK_PISTACHIO;XIRECS;9575.0;1
959900;;;SNACKPACK_RASPBERRY;XIRECS;10064.0;1
959900;;;SNACKPACK_STRAWBERRY;XIRECS;10607.0;1
959900;;;SNACKPACK_VANILLA;XIRECS;9968.0;1
964500;;;SNACKPACK_CHOCOLATE;XIRECS;9955.0;1
964500;;;SNACKPACK_PISTACHIO;XIRECS;9573.0;1
964500;;;SNACKPACK_RASPBERRY;XIRECS;10027.0;1
964500;;;SNACKPACK_STRAWBERRY;XIRECS;10605.0;1
964500;;;SNACKPACK_VANILLA;XIRECS;10014.0;1
964700;;;SNACKPACK_CHOCOLATE;XIRECS;9960.0;3
964700;;;SNACKPACK_PISTACHIO;XIRECS;9593.0;3
964700;;;SNACKPACK_RASPBERRY;XIRECS;10041.0;3
964700;;;SNACKPACK_STRAWBERRY;XIRECS;10628.0;3
964700;;;SNACKPACK_VANILLA;XIRECS;10043.0;3
973300;;;SNACKPACK_CHOCOLATE;XIRECS;9998.0;3
973300;;;SNACKPACK_PISTACHIO;XIRECS;9536.0;3
973300;;;SNACKPACK_RASPBERRY;XIRECS;10021.0;3
973300;;;SNACKPACK_STRAWBERRY;XIRECS;10613.0;3
973300;;;SNACKPACK_VANILLA;XIRECS;9979.0;3
979500;;;SNACKPACK_CHOCOLATE;XIRECS;10017.0;2
979500;;;SNACKPACK_PISTACHIO;XIRECS;9541.0;2
979500;;;SNACKPACK_RASPBERRY;XIRECS;10115.0;2
979500;;;SNACKPACK_STRAWBERRY;XIRECS;10574.0;2
979500;;;SNACKPACK_VANILLA;XIRECS;9997.0;2
981000;;;SNACKPACK_CHOCOLATE;XIRECS;10020.0;1
981000;;;SNACKPACK_PISTACHIO;XIRECS;9514.0;1
981000;;;SNACKPACK_RASPBERRY;XIRECS;10118.0;1
981000;;;SNACKPACK_STRAWBERRY;XIRECS;10544.0;1
981000;;;SNACKPACK_VANILLA;XIRECS;9964.0;1
985000;;;SNACKPACK_CHOCOLATE;XIRECS;9978.0;1
985000;;;SNACKPACK_PISTACHIO;XIRECS;9532.0;1
985000;;;SNACKPACK_RASPBERRY;XIRECS;10105.0;1
985000;;;SNACKPACK_STRAWBERRY;XIRECS;10575.0;1
985000;;;SNACKPACK_VANILLA;XIRECS;10000.0;1
986000;;;SNACKPACK_CHOCOLATE;XIRECS;9965.0;4
986000;;;SNACKPACK_PISTACHIO;XIRECS;9542.0;4
986000;;;SNACKPACK_RASPBERRY;XIRECS;10113.0;4
986000;;;SNACKPACK_STRAWBERRY;XIRECS;10576.0;4
986000;;;SNACKPACK_VANILLA;XIRECS;10010.0;4
986100;;;SNACKPACK_CHOCOLATE;XIRECS;9964.0;1
986100;;;SNACKPACK_PISTACHIO;XIRECS;9542.0;1
986100;;;SNACKPACK_RASPBERRY;XIRECS;10110.0;1
986100;;;SNACKPACK_STRAWBERRY;XIRECS;10576.0;1
986100;;;SNACKPACK_VANILLA;XIRECS;10010.0;1
986900;;;SNACKPACK_CHOCOLATE;XIRECS;9948.0;3
986900;;;SNACKPACK_PISTACHIO;XIRECS;9542.0;3
986900;;;SNACKPACK_RASPBERRY;XIRECS;10127.0;3
986900;;;SNACKPACK_STRAWBERRY;XIRECS;10565.0;3
986900;;;SNACKPACK_VANILLA;XIRECS;10029.0;3
989700;;;SNACKPACK_CHOCOLATE;XIRECS;9955.0;3
989700;;;SNACKPACK_PISTACHIO;XIRECS;9529.0;3
989700;;;SNACKPACK_RASPBERRY;XIRECS;10201.0;3
989700;;;SNACKPACK_STRAWBERRY;XIRECS;10522.0;3
989700;;;SNACKPACK_VANILLA;XIRECS;10039.0;3
990000;;;SNACKPACK_CHOCOLATE;XIRECS;9959.0;2
990000;;;SNACKPACK_PISTACHIO;XIRECS;9525.0;2
990000;;;SNACKPACK_RASPBERRY;XIRECS;10207.0;2
990000;;;SNACKPACK_STRAWBERRY;XIRECS;10523.0;2
990000;;;SNACKPACK_VANILLA;XIRECS;10034.0;2
991900;;;SNACKPACK_CHOCOLATE;XIRECS;9921.0;3
991900;;;SNACKPACK_PISTACHIO;XIRECS;9521.0;3
991900;;;SNACKPACK_RASPBERRY;XIRECS;10221.0;3
991900;;;SNACKPACK_STRAWBERRY;XIRECS;10501.0;3
991900;;;SNACKPACK_VANILLA;XIRECS;10073.0;3
