timestamp;buyer;seller;symbol;currency;price;quantity
900;;;SNACKPACK_CHOCOLATE;XIRECS;9815.0;1
900;;;SNACKPACK_PISTACHIO;XIRECS;9389.0;1
900;;;SNACKPACK_RASPBERRY;XIRECS;10131.0;1
900;;;SNACKPACK_STRAWBERRY;XIRECS;10819.0;1
900;;;SNACKPACK_VANILLA;XIRECS;10063.0;1
7100;;;SNACKPACK_CHOCOLATE;XIRECS;9796.0;4
7100;;;SNACKPACK_PISTACHIO;XIRECS;9404.0;4
7100;;;SNACKPACK_RASPBERRY;XIRECS;10081.0;4
7100;;;SNACKPACK_STRAWBERRY;XIRECS;10835.0;4
7100;;;SNACKPACK_VANILLA;XIRECS;10057.0;4
7300;;;SNACKPACK_CHOCOLATE;XIRECS;9794.0;3
7300;;;SNACKPACK_PISTACHIO;XIRECS;9395.0;3
7300;;;SNACKPACK_RASPBERRY;XIRECS;10089.0;3
7300;;;SNACKPACK_STRAWBERRY;XIRECS;10823.0;3
7300;;;SNACKPACK_VANILLA;XIRECS;10060.0;3
8600;;;SNACKPACK_CHOCOLATE;XIRECS;9830.0;1
8600;;;SNACKPACK_PISTACHIO;XIRECS;9399.0;1
8600;;;SNACKPACK_RASPBERRY;XIRECS;10128.0;1
8600;;;SNACKPACK_STRAWBERRY;XIRECS;10825.0;1
8600;;;SNACKPACK_VANILLA;XIRECS;10067.0;1
13000;;;SNACKPACK_CHOCOLATE;XIRECS;9886.0;4
13000;;;SNACKPACK_PISTACHIO;XIRECS;9414.0;4
13000;;;SNACKPACK_RASPBERRY;XIRECS;10084.0;4
13000;;;SNACKPACK_STRAWBERRY;XIRECS;10864.0;4
13000;;;SNACKPACK_VANILLA;XIRECS;10010.0;4
13900;;;SNACKPACK_CHOCOLATE;XIRECS;9886.0;1
13900;;;SNACKPACK_PISTACHIO;XIRECS;9431.0;1
13900;;;SNACKPACK_RASPBERRY;XIRECS;10079.0;1
13900;;;SNACKPACK_STRAWBERRY;XIRECS;10881.0;1
13900;;;SNACKPACK_VANILLA;XIRECS;10007.0;1
23400;;;SNACKPACK_CHOCOLATE;XIRECS;9885.0;1
23400;;;SNACKPACK_PISTACHIO;XIRECS;9329.0;1
23400;;;SNACKPACK_RASPBERRY;XIRECS;10233.0;1
23400;;;SNACKPACK_STRAWBERRY;XIRECS;10727.0;1
23400;;;SNACKPACK_VANILLA;XIRECS;9969.0;1
23700;;;SNACKPACK_CHOCOLATE;XIRECS;9899.0;1
23700;;;SNACKPACK_PISTACHIO;XIRECS;9318.0;1
23700;;;SNACKPACK_RASPBERRY;XIRECS;10248.0;1
23700;;;SNACKPACK_STRAWBERRY;XIRECS;10705.0;1
23700;;;SNACKPACK_VANILLA;XIRECS;9959.0;1
30400;;;SNACKPACK_CHOCOLATE;XIRECS;9939.0;1
30400;;;SNACKPACK_PISTACHIO;XIRECS;9331.0;1
30400;;;SNACKPACK_RASPBERRY;XIRECS;10270.0;1
30400;;;SNACKPACK_STRAWBERRY;XIRECS;10719.0;1
30400;;;SNACKPACK_VANILLA;XIRECS;9946.0;1
32400;;;SNACKPACK_CHOCOLATE;XIRECS;9937.0;4
32400;;;SNACKPACK_PISTACHIO;XIRECS;9315.0;4
32400;;;SNACKPACK_RASPBERRY;XIRECS;10253.0;4
32400;;;SNACKPACK_STRAWBERRY;XIRECS;10696.0;4
32400;;;SNACKPACK_VANILLA;XIRECS;9913.0;4
36400;;;SNACKPACK_CHOCOLATE;XIRECS;9837.0;3
36400;;;SNACKPACK_PISTACHIO;XIRECS;9318.0;3
36400;;;SNACKPACK_RASPBERRY;XIRECS;10253.0;3
36400;;;SNACKPACK_STRAWBERRY;XIRECS;10705.0;3
36400;;;SNACKPACK_VANILLA;XIRECS;10020.0;3
40600;;;SNACKPACK_CHOCOLATE;XIRECS;9829.0;4
40600;;;SNACKPACK_PISTACHIO;XIRECS;9350.0;4
40600;;;SNACKPACK_RASPBERRY;XIRECS;10184.0;4
40600;;;SNACKPACK_STRAWBERRY;XIRECS;10766.0;4
40600;;;SNACKPACK_VANILLA;XIRECS;10035.0;4
42200;;;SNACKPACK_CHOCOLATE;XIRECS;9842.0;4
42200;;;SNACKPACK_PISTACHIO;XIRECS;9343.0;4
42200;;;SNACKPACK_RASPBERRY;XIRECS;10215.0;4
42200;;;SNACKPACK_STRAWBERRY;XIRECS;10763.0;4
42200;;;SNACKPACK_VANILLA;XIRECS;10061.0;4
42300;;;SNACKPACK_CHOCOLATE;XIRECS;9824.0;1
42300;;;SNACKPACK_PISTACHIO;XIRECS;9328.0;1
42300;;;SNACKPACK_RASPBERRY;XIRECS;10192.0;1
42300;;;SNACKPACK_STRAWBERRY;XIRECS;10748.0;1
42300;;;SNACKPACK_VANILLA;XIRECS;10046.0;1
42900;;;SNACKPACK_CHOCOLATE;XIRECS;9803.0;3
42900;;;SNACKPACK_PISTACHIO;XIRECS;9303.0;3
42900;;;SNACKPACK_RASPBERRY;XIRECS;10231.0;3
42900;;;SNACKPACK_STRAWBERRY;XIRECS;10701.0;3
42900;;;SNACKPACK_VANILLA;XIRECS;10073.0;3
53500;;;SNACKPACK_CHOCOLATE;XIRECS;9688.0;2
53500;;;SNACKPACK_PISTACHIO;XIRECS;9406.0;2
53500;;;SNACKPACK_RASPBERRY;XIRECS;10068.0;2
53500;;;SNACKPACK_STRAWBERRY;XIRECS;10845.0;2
53500;;;SNACKPACK_VANILLA;XIRECS;10175.0;2
57800;;;SNACKPACK_CHOCOLATE;XIRECS;9663.0;1
57800;;;SNACKPACK_PISTACHIO;XIRECS;9431.0;1
57800;;;SNACKPACK_RASPBERRY;XIRECS;10042.0;1
57800;;;SNACKPACK_STRAWBERRY;XIRECS;10877.0;1
57800;;;SNACKPACK_VANILLA;XIRECS;10201.0;1
60200;;;SNACKPACK_CHOCOLATE;XIRECS;9652.0;3
60200;;;SNACKPACK_PISTACHIO;XIRECS;9451.0;3
60200;;;SNACKPACK_RASPBERRY;XIRECS;10027.0;3
60200;;;SNACKPACK_STRAWBERRY;XIRECS;10889.0;3
60200;;;SNACKPACK_VANILLA;XIRECS;10210.0;3
63500;;;SNACKPACK_CHOCOLATE;XIRECS;9680.0;2
63500;;;SNACKPACK_PISTACHIO;XIRECS;9428.0;2
63500;;;SNACKPACK_RASPBERRY;XIRECS;10045.0;2
63500;;;SNACKPACK_STRAWBERRY;XIRECS;10866.0;2
63500;;;SNACKPACK_VANILLA;XIRECS;10177.0;2
65000;;;SNACKPACK_CHOCOLATE;XIRECS;9692.0;4
65000;;;SNACKPACK_PISTACHIO;XIRECS;9406.0;4
65000;;;SNACKPACK_RASPBERRY;XIRECS;10135.0;4
65000;;;SNACKPACK_STRAWBERRY;XIRECS;10814.0;4
65000;;;SNACKPACK_VANILLA;XIRECS;10198.0;4
72000;;;SNACKPACK_CHOCOLATE;XIRECS;9761.0;4
72000;;;SNACKPACK_PISTACHIO;XIRECS;9363.0;4
72000;;;SNACKPACK_RASPBERRY;XIRECS;10126.0;4
72000;;;SNACKPACK_STRAWBERRY;XIRECS;10775.0;4
72000;;;SNACKPACK_VANILLA;XIRECS;10093.0;4
73600;;;SNACKPACK_CHOCOLATE;XIRECS;9740.0;2
73600;;;SNACKPACK_PISTACHIO;XIRECS;9346.0;2
73600;;;SNACKPACK_RASPBERRY;XIRECS;10171.0;2
73600;;;SNACKPACK_STRAWBERRY;XIRECS;10760.0;2
73600;;;SNACKPACK_VANILLA;XIRECS;10156.0;2
75300;;;SNACKPACK_CHOCOLATE;XIRECS;9758.0;1
75300;;;SNACKPACK_PISTACHIO;XIRECS;9300.0;1
75300;;;SNACKPACK_RASPBERRY;XIRECS;10175.0;1
75300;;;SNACKPACK_STRAWBERRY;XIRECS;10733.0;1
75300;;;SNACKPACK_VANILLA;XIRECS;10098.0;1
83400;;;SNACKPACK_CHOCOLATE;XIRECS;9819.0;3
83400;;;SNACKPACK_PISTACHIO;XIRECS;9342.0;3
83400;;;SNACKPACK_RASPBERRY;XIRECS;10127.0;3
83400;;;SNACKPACK_STRAWBERRY;XIRECS;10793.0;3
83400;;;SNACKPACK_VANILLA;XIRECS;10064.0;3
86000;;;SNACKPACK_CHOCOLATE;XIRECS;9838.0;3
86000;;;SNACKPACK_PISTACHIO;XIRECS;9301.0;3
86000;;;SNACKPACK_RASPBERRY;XIRECS;10177.0;3
86000;;;SNACKPACK_STRAWBERRY;XIRECS;10727.0;3
86000;;;SNACKPACK_VANILLA;XIRECS;10042.0;3
92100;;;SNACKPACK_CHOCOLATE;XIRECS;9886.0;4
92100;;;SNACKPACK_PISTACHIO;XIRECS;9376.0;4
92100;;;SNACKPACK_RASPBERRY;XIRECS;10087.0;4
92100;;;SNACKPACK_STRAWBERRY;XIRECS;10839.0;4
92100;;;SNACKPACK_VANILLA;XIRECS;10026.0;4
92400;;;SNACKPACK_CHOCOLATE;XIRECS;9880.0;3
92400;;;SNACKPACK_PISTACHIO;XIRECS;9366.0;3
92400;;;SNACKPACK_RASPBERRY;XIRECS;10059.0;3
92400;;;SNACKPACK_STRAWBERRY;XIRECS;10831.0;3
92400;;;SNACKPACK_VANILLA;XIRECS;9999.0;3
93100;;;SNACKPACK_CHOCOLATE;XIRECS;9884.0;2
93100;;;SNACKPACK_PISTACHIO;XIRECS;9374.0;2
93100;;;SNACKPACK_RASPBERRY;XIRECS;10044.0;2
93100;;;SNACKPACK_STRAWBERRY;XIRECS;10843.0;2
93100;;;SNACKPACK_VANILLA;XIRECS;9998.0;2
94600;;;SNACKPACK_CHOCOLATE;XIRECS;9866.0;4
94600;;;SNACKPACK_PISTACHIO;XIRECS;9366.0;4
94600;;;SNACKPACK_RASPBERRY;XIRECS;10059.0;4
94600;;;SNACKPACK_STRAWBERRY;XIRECS;10831.0;4
94600;;;SNACKPACK_VANILLA;XIRECS;10015.0;4
99400;;;SNACKPACK_CHOCOLATE;XIRECS;9943.0;3
99400;;;SNACKPACK_PISTACHIO;XIRECS;9352.0;3
99400;;;SNACKPACK_RASPBERRY;XIRECS;10142.0;3
99400;;;SNACKPACK_STRAWBERRY;XIRECS;10784.0;3
99400;;;SNACKPACK_VANILLA;XIRECS;9972.0;3
102500;;;SNACKPACK_CHOCOLATE;XIRECS;9898.0;3
102500;;;SNACKPACK_PISTACHIO;XIRECS;9377.0;3
102500;;;SNACKPACK_RASPBERRY;XIRECS;10105.0;3
102500;;;SNACKPACK_STRAWBERRY;XIRECS;10817.0;3
102500;;;SNACKPACK_VANILLA;XIRECS;10017.0;3
108500;;;SNACKPACK_CHOCOLATE;XIRECS;9908.0;1
108500;;;SNACKPACK_PISTACHIO;XIRECS;9400.0;1
108500;;;SNACKPACK_RASPBERRY;XIRECS;10028.0;1
108500;;;SNACKPACK_STRAWBERRY;XIRECS;10893.0;1
108500;;;SNACKPACK_VANILLA;XIRECS;9995.0;1
109300;;;SNACKPACK_CHOCOLATE;XIRECS;9894.0;2
109300;;;SNACKPACK_PISTACHIO;XIRECS;9385.0;2
109300;;;SNACKPACK_RASPBERRY;XIRECS;10004.0;2
109300;;;SNACKPACK_STRAWBERRY;XIRECS;10878.0;2
109300;;;SNACKPACK_VANILLA;XIRECS;9974.0;2
109600;;;SNACKPACK_CHOCOLATE;XIRECS;9905.0;4
109600;;;SNACKPACK_PISTACHIO;XIRECS;9402.0;4
109600;;;SNACKPACK_RASPBERRY;XIRECS;10029.0;4
109600;;;SNACKPACK_STRAWBERRY;XIRECS;10895.0;4
109600;;;SNACKPACK_VANILLA;XIRECS;9998.0;4
112900;;;SNACKPACK_CHOCOLATE;XIRECS;9910.0;3
112900;;;SNACKPACK_PISTACHIO;XIRECS;9403.0;3
112900;;;SNACKPACK_RASPBERRY;XIRECS;10007.0;3
112900;;;SNACKPACK_STRAWBERRY;XIRECS;10913.0;3
112900;;;SNACKPACK_VANILLA;XIRECS;9982.0;3
114000;;;SNACKPACK_CHOCOLATE;XIRECS;9914.0;4
114000;;;SNACKPACK_PISTACHIO;XIRECS;9370.0;4
114000;;;SNACKPACK_RASPBERRY;XIRECS;10015.0;4
114000;;;SNACKPACK_STRAWBERRY;XIRECS;10875.0;4
114000;;;SNACKPACK_VANILLA;XIRECS;9945.0;4
115300;;;SNACKPACK_CHOCOLATE;XIRECS;9909.0;1
115300;;;SNACKPACK_PISTACHIO;XIRECS;9388.0;1
115300;;;SNACKPACK_RASPBERRY;XIRECS;10027.0;1
115300;;;SNACKPACK_STRAWBERRY;XIRECS;10891.0;1
115300;;;SNACKPACK_VANILLA;XIRECS;9981.0;1
117000;;;SNACKPACK_CHOCOLATE;XIRECS;9917.0;2
117000;;;SNACKPACK_PISTACHIO;XIRECS;9335.0;2
117000;;;SNACKPACK_RASPBERRY;XIRECS;10055.0;2
117000;;;SNACKPACK_STRAWBERRY;XIRECS;10827.0;2
117000;;;SNACKPACK_VANILLA;XIRECS;9932.0;2
123900;;;SNACKPACK_CHOCOLATE;XIRECS;9950.0;1
123900;;;SNACKPACK_PISTACHIO;XIRECS;9328.0;1
123900;;;SNACKPACK_RASPBERRY;XIRECS;10011.0;1
123900;;;SNACKPACK_STRAWBERRY;XIRECS;10874.0;1
123900;;;SNACKPACK_VANILLA;XIRECS;9918.0;1
128700;;;SNACKPACK_CHOCOLATE;XIRECS;9970.0;4
128700;;;SNACKPACK_PISTACHIO;XIRECS;9342.0;4
128700;;;SNACKPACK_RASPBERRY;XIRECS;9977.0;4
128700;;;SNACKPACK_STRAWBERRY;XIRECS;10883.0;4
128700;;;SNACKPACK_VANILLA;XIRECS;9873.0;4
130200;;;SNACKPACK_CHOCOLATE;XIRECS;9933.0;2
130200;;;SNACKPACK_PISTACHIO;XIRECS;9364.0;2
130200;;;SNACKPACK_RASPBERRY;XIRECS;9961.0;2
130200;;;SNACKPACK_STRAWBERRY;XIRECS;10903.0;2
130200;;;SNACKPACK_VANILLA;XIRECS;9924.0;2
131900;;;SNACKPACK_CHOCOLATE;XIRECS;9924.0;1
131900;;;SNACKPACK_PISTACHIO;XIRECS;9382.0;1
131900;;;SNACKPACK_RASPBERRY;XIRECS;9919.0;1
131900;;;SNACKPACK_STRAWBERRY;XIRECS;10926.0;1
131900;;;SNACKPACK_VANILLA;XIRECS;9914.0;1
134600;;;SNACKPACK_CHOCOLATE;XIRECS;9947.0;1
134600;;;SNACKPACK_PISTACHIO;XIRECS;9411.0;1
134600;;;SNACKPACK_RASPBERRY;XIRECS;9903.0;1
134600;;;SNACKPACK_STRAWBERRY;XIRECS;10979.0;1
134600;;;SNACKPACK_VANILLA;XIRECS;9923.0;1
140200;;;SNACKPACK_CHOCOLATE;XIRECS;9942.0;1
140200;;;SNACKPACK_PISTACHIO;XIRECS;9425.0;1
140200;;;SNACKPACK_RASPBERRY;XIRECS;9835.0;1
140200;;;SNACKPACK_STRAWBERRY;XIRECS;11037.0;1
140200;;;SNACKPACK_VANILLA;XIRECS;9900.0;1
143300;;;SNACKPACK_CHOCOLATE;XIRECS;10001.0;1
143300;;;SNACKPACK_PISTACHIO;XIRECS;9419.0;1
143300;;;SNACKPACK_RASPBERRY;XIRECS;9898.0;1
143300;;;SNACKPACK_STRAWBERRY;XIRECS;11012.0;1
143300;;;SNACKPACK_VANILLA;XIRECS;9879.0;1
148800;;;SNACKPACK_CHOCOLATE;XIRECS;10014.0;3
148800;;;SNACKPACK_PISTACHIO;XIRECS;9392.0;3
148800;;;SNACKPACK_RASPBERRY;XIRECS;9913.0;3
148800;;;SNACKPACK_STRAWBERRY;XIRECS;10978.0;3
148800;;;SNACKPACK_VANILLA;XIRECS;9856.0;3
154500;;;SNACKPACK_CHOCOLATE;XIRECS;10032.0;2
154500;;;SNACKPACK_PISTACHIO;XIRECS;9357.0;2
154500;;;SNACKPACK_RASPBERRY;XIRECS;9909.0;2
154500;;;SNACKPACK_STRAWBERRY;XIRECS;10960.0;2
154500;;;SNACKPACK_VANILLA;XIRECS;9827.0;2
155400;;;SNACKPACK_CHOCOLATE;XIRECS;10029.0;1
155400;;;SNACKPACK_PISTACHIO;XIRECS;9355.0;1
155400;;;SNACKPACK_RASPBERRY;XIRECS;9916.0;1
155400;;;SNACKPACK_STRAWBERRY;XIRECS;10959.0;1
155400;;;SNACKPACK_VANILLA;XIRECS;9828.0;1
156200;;;SNACKPACK_CHOCOLATE;XIRECS;10005.0;4
156200;;;SNACKPACK_PISTACHIO;XIRECS;9350.0;4
156200;;;SNACKPACK_RASPBERRY;XIRECS;9919.0;4
156200;;;SNACKPACK_STRAWBERRY;XIRECS;10958.0;4
156200;;;SNACKPACK_VANILLA;XIRECS;9848.0;4
156400;;;SNACKPACK_CHOCOLATE;XIRECS;10027.0;1
156400;;;SNACKPACK_PISTACHIO;XIRECS;9374.0;1
156400;;;SNACKPACK_RASPBERRY;XIRECS;9931.0;1
156400;;;SNACKPACK_STRAWBERRY;XIRECS;10984.0;1
156400;;;SNACKPACK_VANILLA;XIRECS;9860.0;1
158000;;;SNACKPACK_CHOCOLATE;XIRECS;10010.0;4
158000;;;SNACKPACK_PISTACHIO;XIRECS;9343.0;4
158000;;;SNACKPACK_RASPBERRY;XIRECS;9939.0;4
158000;;;SNACKPACK_STRAWBERRY;XIRECS;10941.0;4
158000;;;SNACKPACK_VANILLA;XIRECS;9844.0;4
159000;;;SNACKPACK_CHOCOLATE;XIRECS;10043.0;1
159000;;;SNACKPACK_PISTACHIO;XIRECS;9366.0;1
159000;;;SNACKPACK_RASPBERRY;XIRECS;9928.0;1
159000;;;SNACKPACK_STRAWBERRY;XIRECS;10947.0;1
159000;;;SNACKPACK_VANILLA;XIRECS;9821.0;1
159400;;;SNACKPACK_CHOCOLATE;XIRECS;10071.0;2
159400;;;SNACKPACK_PISTACHIO;XIRECS;9381.0;2
159400;;;SNACKPACK_RASPBERRY;XIRECS;9955.0;2
159400;;;SNACKPACK_STRAWBERRY;XIRECS;10955.0;2
159400;;;SNACKPACK_VANILLA;XIRECS;9821.0;2
168400;;;SNACKPACK_CHOCOLATE;XIRECS;10001.0;2
168400;;;SNACKPACK_PISTACHIO;XIRECS;9392.0;2
168400;;;SNACKPACK_RASPBERRY;XIRECS;9893.0;2
168400;;;SNACKPACK_STRAWBERRY;XIRECS;10984.0;2
168400;;;SNACKPACK_VANILLA;XIRECS;9855.0;2
174100;;;SNACKPACK_CHOCOLATE;XIRECS;10011.0;1
174100;;;SNACKPACK_PISTACHIO;XIRECS;9400.0;1
174100;;;SNACKPACK_RASPBERRY;XIRECS;9945.0;1
174100;;;SNACKPACK_STRAWBERRY;XIRECS;10952.0;1
174100;;;SNACKPACK_VANILLA;XIRECS;9860.0;1
182300;;;SNACKPACK_CHOCOLATE;XIRECS;9956.0;1
182300;;;SNACKPACK_PISTACHIO;XIRECS;9371.0;1
182300;;;SNACKPACK_RASPBERRY;XIRECS;10025.0;1
182300;;;SNACKPACK_STRAWBERRY;XIRECS;10902.0;1
182300;;;SNACKPACK_VANILLA;XIRECS;9923.0;1
188800;;;SNACKPACK_CHOCOLATE;XIRECS;9905.0;3
188800;;;SNACKPACK_PISTACHIO;XIRECS;9364.0;3
188800;;;SNACKPACK_RASPBERRY;XIRECS;9951.0;3
188800;;;SNACKPACK_STRAWBERRY;XIRECS;10946.0;3
188800;;;SNACKPACK_VANILLA;XIRECS;9957.0;3
200900;;;SNACKPACK_CHOCOLATE;XIRECS;9849.0;2
200900;;;SNACKPACK_PISTACHIO;XIRECS;9468.0;2
200900;;;SNACKPACK_RASPBERRY;XIRECS;9857.0;2
200900;;;SNACKPACK_STRAWBERRY;XIRECS;11073.0;2
200900;;;SNACKPACK_VANILLA;XIRECS;9987.0;2
202100;;;SNACKPACK_CHOCOLATE;XIRECS;9824.0;2
202100;;;SNACKPACK_PISTACHIO;XIRECS;9449.0;2
202100;;;SNACKPACK_RASPBERRY;XIRECS;9890.0;2
202100;;;SNACKPACK_STRAWBERRY;XIRECS;11041.0;2
202100;;;SNACKPACK_VANILLA;XIRECS;10021.0;2
206000;;;SNACKPACK_CHOCOLATE;XIRECS;9811.0;4
206000;;;SNACKPACK_PISTACHIO;XIRECS;9438.0;4
206000;;;SNACKPACK_RASPBERRY;XIRECS;9918.0;4
206000;;;SNACKPACK_STRAWBERRY;XIRECS;11015.0;4
206000;;;SNACKPACK_VANILLA;XIRECS;10035.0;4
208900;;;SNACKPACK_CHOCOLATE;XIRECS;9915.0;4
208900;;;SNACKPACK_PISTACHIO;XIRECS;9433.0;4
208900;;;SNACKPACK_RASPBERRY;XIRECS;9944.0;4
208900;;;SNACKPACK_STRAWBERRY;XIRECS;11011.0;4
208900;;;SNACKPACK_VANILLA;XIRECS;9974.0;4
209600;;;SNACKPACK_CHOCOLATE;XIRECS;9926.0;2
209600;;;SNACKPACK_PISTACHIO;XIRECS;9438.0;2
209600;;;SNACKPACK_RASPBERRY;XIRECS;9922.0;2
209600;;;SNACKPACK_STRAWBERRY;XIRECS;11027.0;2
209600;;;SNACKPACK_VANILLA;XIRECS;9966.0;2
212000;;;SNACKPACK_CHOCOLATE;XIRECS;9927.0;1
212000;;;SNACKPACK_PISTACHIO;XIRECS;9448.0;1
212000;;;SNACKPACK_RASPBERRY;XIRECS;9934.0;1
212000;;;SNACKPACK_STRAWBERRY;XIRECS;11030.0;1
212000;;;SNACKPACK_VANILLA;XIRECS;9973.0;1
214000;;;SNACKPACK_CHOCOLATE;XIRECS;9929.0;3
214000;;;SNACKPACK_PISTACHIO;XIRECS;9400.0;3
214000;;;SNACKPACK_RASPBERRY;XIRECS;9982.0;3
214000;;;SNACKPACK_STRAWBERRY;XIRECS;10940.0;3
214000;;;SNACKPACK_VANILLA;XIRECS;9926.0;3
214800;;;SNACKPACK_CHOCOLATE;XIRECS;9892.0;3
214800;;;SNACKPACK_PISTACHIO;XIRECS;9387.0;3
214800;;;SNACKPACK_RASPBERRY;XIRECS;9998.0;3
214800;;;SNACKPACK_STRAWBERRY;XIRECS;10926.0;3
214800;;;SNACKPACK_VANILLA;XIRECS;9960.0;3
216100;;;SNACKPACK_CHOCOLATE;XIRECS;9887.0;4
216100;;;SNACKPACK_PISTACHIO;XIRECS;9385.0;4
216100;;;SNACKPACK_RASPBERRY;XIRECS;10017.0;4
216100;;;SNACKPACK_STRAWBERRY;XIRECS;10900.0;4
216100;;;SNACKPACK_VANILLA;XIRECS;9969.0;4
219500;;;SNACKPACK_CHOCOLATE;XIRECS;9958.0;4
219500;;;SNACKPACK_PISTACHIO;XIRECS;9392.0;4
219500;;;SNACKPACK_RASPBERRY;XIRECS;9994.0;4
219500;;;SNACKPACK_STRAWBERRY;XIRECS;10923.0;4
219500;;;SNACKPACK_VANILLA;XIRECS;9906.0;4
219900;;;SNACKPACK_CHOCOLATE;XIRECS;9961.0;4
219900;;;SNACKPACK_PISTACHIO;XIRECS;9419.0;4
219900;;;SNACKPACK_RASPBERRY;XIRECS;9981.0;4
219900;;;SNACKPACK_STRAWBERRY;XIRECS;10969.0;4
219900;;;SNACKPACK_VANILLA;XIRECS;9938.0;4
224400;;;SNACKPACK_CHOCOLATE;XIRECS;10023.0;1
224400;;;SNACKPACK_PISTACHIO;XIRECS;9421.0;1
224400;;;SNACKPACK_RASPBERRY;XIRECS;9952.0;1
224400;;;SNACKPACK_STRAWBERRY;XIRECS;11009.0;1
224400;;;SNACKPACK_VANILLA;XIRECS;9866.0;1
227600;;;SNACKPACK_CHOCOLATE;XIRECS;9992.0;1
227600;;;SNACKPACK_PISTACHIO;XIRECS;9379.0;1
227600;;;SNACKPACK_RASPBERRY;XIRECS;9975.0;1
227600;;;SNACKPACK_STRAWBERRY;XIRECS;10959.0;1
227600;;;SNACKPACK_VANILLA;XIRECS;9865.0;1
229700;;;SNACKPACK_CHOCOLATE;XIRECS;10002.0;4
229700;;;SNACKPACK_PISTACHIO;XIRECS;9388.0;4
229700;;;SNACKPACK_RASPBERRY;XIRECS;9981.0;4
229700;;;SNACKPACK_STRAWBERRY;XIRECS;10975.0;4
229700;;;SNACKPACK_VANILLA;XIRECS;9883.0;4
242500;;;SNACKPACK_CHOCOLATE;XIRECS;9872.0;1
242500;;;SNACKPACK_PISTACHIO;XIRECS;9349.0;1
242500;;;SNACKPACK_RASPBERRY;XIRECS;9889.0;1
242500;;;SNACKPACK_STRAWBERRY;XIRECS;10975.0;1
242500;;;SNACKPACK_VANILLA;XIRECS;9936.0;1
246500;;;SNACKPACK_CHOCOLATE;XIRECS;9819.0;3
246500;;;SNACKPACK_PISTACHIO;XIRECS;9342.0;3
246500;;;SNACKPACK_RASPBERRY;XIRECS;9866.0;3
246500;;;SNACKPACK_STRAWBERRY;XIRECS;10996.0;3
246500;;;SNACKPACK_VANILLA;XIRECS;9985.0;3
249500;;;SNACKPACK_CHOCOLATE;XIRECS;9817.0;3
249500;;;SNACKPACK_PISTACHIO;XIRECS;9377.0;3
249500;;;SNACKPACK_RASPBERRY;XIRECS;9871.0;3
249500;;;SNACKPACK_STRAWBERRY;XIRECS;11034.0;3
249500;;;SNACKPACK_VANILLA;XIRECS;10011.0;3
250500;;;SNACKPACK_CHOCOLATE;XIRECS;9803.0;4
250500;;;SNACKPACK_PISTACHIO;XIRECS;9386.0;4
250500;;;SNACKPACK_RASPBERRY;XIRECS;9871.0;4
250500;;;SNACKPACK_STRAWBERRY;XIRECS;11040.0;4
250500;;;SNACKPACK_VANILLA;XIRECS;10021.0;4
254400;;;SNACKPACK_CHOCOLATE;XIRECS;9766.0;2
254400;;;SNACKPACK_PISTACHIO;XIRECS;9357.0;2
254400;;;SNACKPACK_RASPBERRY;XIRECS;9886.0;2
254400;;;SNACKPACK_STRAWBERRY;XIRECS;10989.0;2
254400;;;SNACKPACK_VANILLA;XIRECS;10032.0;2
257900;;;SNACKPACK_CHOCOLATE;XIRECS;9756.0;3
257900;;;SNACKPACK_PISTACHIO;XIRECS;9383.0;3
257900;;;SNACKPACK_RASPBERRY;XIRECS;9878.0;3
257900;;;SNACKPACK_STRAWBERRY;XIRECS;11005.0;3
257900;;;SNACKPACK_VANILLA;XIRECS;10039.0;3
259700;;;SNACKPACK_CHOCOLATE;XIRECS;9710.0;1
259700;;;SNACKPACK_PISTACHIO;XIRECS;9372.0;1
259700;;;SNACKPACK_RASPBERRY;XIRECS;9894.0;1
259700;;;SNACKPACK_STRAWBERRY;XIRECS;11004.0;1
259700;;;SNACKPACK_VANILLA;XIRECS;10085.0;1
275800;;;SNACKPACK_CHOCOLATE;XIRECS;9590.0;3
275800;;;SNACKPACK_PISTACHIO;XIRECS;9384.0;3
275800;;;SNACKPACK_RASPBERRY;XIRECS;9888.0;3
275800;;;SNACKPACK_STRAWBERRY;XIRECS;11023.0;3
275800;;;SNACKPACK_VANILLA;XIRECS;10210.0;3
277100;;;SNACKPACK_CHOCOLATE;XIRECS;9576.0;3
277100;;;SNACKPACK_PISTACHIO;XIRECS;9393.0;3
277100;;;SNACKPACK_RASPBERRY;XIRECS;9871.0;3
277100;;;SNACKPACK_STRAWBERRY;XIRECS;11042.0;3
277100;;;SNACKPACK_VANILLA;XIRECS;10226.0;3
277200;;;SNACKPACK_CHOCOLATE;XIRECS;9598.0;2
277200;;;SNACKPACK_PISTACHIO;XIRECS;9414.0;2
277200;;;SNACKPACK_RASPBERRY;XIRECS;9880.0;2
277200;;;SNACKPACK_STRAWBERRY;XIRECS;11068.0;2
277200;;;SNACKPACK_VANILLA;XIRECS;10239.0;2
287300;;;SNACKPACK_CHOCOLATE;XIRECS;9646.0;3
287300;;;SNACKPACK_PISTACHIO;XIRECS;9439.0;3
287300;;;SNACKPACK_RASPBERRY;XIRECS;9823.0;3
287300;;;SNACKPACK_STRAWBERRY;XIRECS;11132.0;3
287300;;;SNACKPACK_VANILLA;XIRECS;10156.0;3
290200;;;SNACKPACK_CHOCOLATE;XIRECS;9697.0;4
290200;;;SNACKPACK_PISTACHIO;XIRECS;9436.0;4
290200;;;SNACKPACK_RASPBERRY;XIRECS;9829.0;4
290200;;;SNACKPACK_STRAWBERRY;XIRECS;11129.0;4
290200;;;SNACKPACK_VANILLA;XIRECS;10105.0;4
293000;;;SNACKPACK_CHOCOLATE;XIRECS;9734.0;2
293000;;;SNACKPACK_PISTACHIO;XIRECS;9410.0;2
293000;;;SNACKPACK_RASPBERRY;XIRECS;9873.0;2
293000;;;SNACKPACK_STRAWBERRY;XIRECS;11093.0;2
293000;;;SNACKPACK_VANILLA;XIRECS;10055.0;2
299500;;;SNACKPACK_CHOCOLATE;XIRECS;9737.0;1
299500;;;SNACKPACK_PISTACHIO;XIRECS;9501.0;1
299500;;;SNACKPACK_RASPBERRY;XIRECS;9775.0;1
299500;;;SNACKPACK_STRAWBERRY;XIRECS;11205.0;1
299500;;;SNACKPACK_VANILLA;XIRECS;10042.0;1
305400;;;SNACKPACK_CHOCOLATE;XIRECS;9666.0;2
305400;;;SNACKPACK_PISTACHIO;XIRECS;9555.0;2
305400;;;SNACKPACK_RASPBERRY;XIRECS;9697.0;2
305400;;;SNACKPACK_STRAWBERRY;XIRECS;11315.0;2
305400;;;SNACKPACK_VANILLA;XIRECS;10117.0;2
306800;;;SNACKPACK_CHOCOLATE;XIRECS;9688.0;4
306800;;;SNACKPACK_PISTACHIO;XIRECS;9570.0;4
306800;;;SNACKPACK_RASPBERRY;XIRECS;9733.0;4
306800;;;SNACKPACK_STRAWBERRY;XIRECS;11322.0;4
306800;;;SNACKPACK_VANILLA;XIRECS;10127.0;4
311900;;;SNACKPACK_CHOCOLATE;XIRECS;9661.0;1
311900;;;SNACKPACK_PISTACHIO;XIRECS;9559.0;1
311900;;;SNACKPACK_RASPBERRY;XIRECS;9756.0;1
311900;;;SNACKPACK_STRAWBERRY;XIRECS;11295.0;1
311900;;;SNACKPACK_VANILLA;XIRECS;10140.0;1
312100;;;SNACKPACK_CHOCOLATE;XIRECS;9640.0;1
312100;;;SNACKPACK_PISTACHIO;XIRECS;9544.0;1
312100;;;SNACKPACK_RASPBERRY;XIRECS;9732.0;1
312100;;;SNACKPACK_STRAWBERRY;XIRECS;11281.0;1
312100;;;SNACKPACK_VANILLA;XIRECS;10124.0;1
316300;;;SNACKPACK_CHOCOLATE;XIRECS;9678.0;4
316300;;;SNACKPACK_PISTACHIO;XIRECS;9502.0;4
316300;;;SNACKPACK_RASPBERRY;XIRECS;9772.0;4
316300;;;SNACKPACK_STRAWBERRY;XIRECS;11232.0;4
316300;;;SNACKPACK_VANILLA;XIRECS;10103.0;4
317500;;;SNACKPACK_CHOCOLATE;XIRECS;9684.0;3
317500;;;SNACKPACK_PISTACHIO;XIRECS;9497.0;3
317500;;;SNACKPACK_RASPBERRY;XIRECS;9791.0;3
317500;;;SNACKPACK_STRAWBERRY;XIRECS;11218.0;3
317500;;;SNACKPACK_VANILLA;XIRECS;10096.0;3
318000;;;SNACKPACK_CHOCOLATE;XIRECS;9695.0;3
318000;;;SNACKPACK_PISTACHIO;XIRECS;9502.0;3
318000;;;SNACKPACK_RASPBERRY;XIRECS;9788.0;3
318000;;;SNACKPACK_STRAWBERRY;XIRECS;11229.0;3
318000;;;SNACKPACK_VANILLA;XIRECS;10087.0;3
320900;;;SNACKPACK_CHOCOLATE;XIRECS;9652.0;4
320900;;;SNACKPACK_PISTACHIO;XIRECS;9456.0;4
320900;;;SNACKPACK_RASPBERRY;XIRECS;9866.0;4
320900;;;SNACKPACK_STRAWBERRY;XIRECS;11174.0;4
320900;;;SNACKPACK_VANILLA;XIRECS;10159.0;4
322300;;;SNACKPACK_CHOCOLATE;XIRECS;9660.0;2
322300;;;SNACKPACK_PISTACHIO;XIRECS;9478.0;2
322300;;;SNACKPACK_RASPBERRY;XIRECS;9832.0;2
322300;;;SNACKPACK_STRAWBERRY;XIRECS;11221.0;2
322300;;;SNACKPACK_VANILLA;XIRECS;10153.0;2
333200;;;SNACKPACK_CHOCOLATE;XIRECS;9614.0;2
333200;;;SNACKPACK_PISTACHIO;XIRECS;9458.0;2
333200;;;SNACKPACK_RASPBERRY;XIRECS;9788.0;2
333200;;;SNACKPACK_STRAWBERRY;XIRECS;11223.0;2
333200;;;SNACKPACK_VANILLA;XIRECS;10182.0;2
336600;;;SNACKPACK_CHOCOLATE;XIRECS;9633.0;1
336600;;;SNACKPACK_PISTACHIO;XIRECS;9473.0;1
336600;;;SNACKPACK_RASPBERRY;XIRECS;9761.0;1
336600;;;SNACKPACK_STRAWBERRY;XIRECS;11264.0;1
336600;;;SNACKPACK_VANILLA;XIRECS;10152.0;1
341500;;;SNACKPACK_CHOCOLATE;XIRECS;9648.0;2
341500;;;SNACKPACK_PISTACHIO;XIRECS;9474.0;2
341500;;;SNACKPACK_RASPBERRY;XIRECS;9793.0;2
341500;;;SNACKPACK_STRAWBERRY;XIRECS;11256.0;2
341500;;;SNACKPACK_VANILLA;XIRECS;10148.0;2
343400;;;SNACKPACK_CHOCOLATE;XIRECS;9644.0;1
343400;;;SNACKPACK_PISTACHIO;XIRECS;9462.0;1
343400;;;SNACKPACK_RASPBERRY;XIRECS;9813.0;1
343400;;;SNACKPACK_STRAWBERRY;XIRECS;11238.0;1
343400;;;SNACKPACK_VANILLA;XIRECS;10143.0;1
352800;;;SNACKPACK_CHOCOLATE;XIRECS;9690.0;2
352800;;;SNACKPACK_PISTACHIO;XIRECS;9518.0;2
352800;;;SNACKPACK_RASPBERRY;XIRECS;9803.0;2
352800;;;SNACKPACK_STRAWBERRY;XIRECS;11312.0;2
352800;;;SNACKPACK_VANILLA;XIRECS;10132.0;2
355100;;;SNACKPACK_CHOCOLATE;XIRECS;9653.0;1
355100;;;SNACKPACK_PISTACHIO;XIRECS;9510.0;1
355100;;;SNACKPACK_RASPBERRY;XIRECS;9816.0;1
355100;;;SNACKPACK_STRAWBERRY;XIRECS;11308.0;1
355100;;;SNACKPACK_VANILLA;XIRECS;10161.0;1
356800;;;SNACKPACK_CHOCOLATE;XIRECS;9618.0;2
356800;;;SNACKPACK_PISTACHIO;XIRECS;9494.0;2
356800;;;SNACKPACK_RASPBERRY;XIRECS;9813.0;2
356800;;;SNACKPACK_STRAWBERRY;XIRECS;11290.0;2
356800;;;SNACKPACK_VANILLA;XIRECS;10170.0;2
361100;;;SNACKPACK_CHOCOLATE;XIRECS;9629.0;1
361100;;;SNACKPACK_PISTACHIO;XIRECS;9525.0;1
361100;;;SNACKPACK_RASPBERRY;XIRECS;9772.0;1
361100;;;SNACKPACK_STRAWBERRY;XIRECS;11338.0;1
361100;;;SNACKPACK_VANILLA;XIRECS;10172.0;1
363500;;;SNACKPACK_CHOCOLATE;XIRECS;9648.0;1
363500;;;SNACKPACK_PISTACHIO;XIRECS;9554.0;1
363500;;;SNACKPACK_RASPBERRY;XIRECS;9771.0;1
363500;;;SNACKPACK_STRAWBERRY;XIRECS;11367.0;1
363500;;;SNACKPACK_VANILLA;XIRECS;10191.0;1
370200;;;SNACKPACK_CHOCOLATE;XIRECS;9613.0;4
370200;;;SNACKPACK_PISTACHIO;XIRECS;9547.0;4
370200;;;SNACKPACK_RASPBERRY;XIRECS;9781.0;4
370200;;;SNACKPACK_STRAWBERRY;XIRECS;11344.0;4
370200;;;SNACKPACK_VANILLA;XIRECS;10235.0;4
384300;;;SNACKPACK_CHOCOLATE;XIRECS;9575.0;4
384300;;;SNACKPACK_PISTACHIO;XIRECS;9519.0;4
384300;;;SNACKPACK_RASPBERRY;XIRECS;9797.0;4
384300;;;SNACKPACK_STRAWBERRY;XIRECS;11302.0;4
384300;;;SNACKPACK_VANILLA;XIRECS;10220.0;4
385700;;;SNACKPACK_CHOCOLATE;XIRECS;9590.0;1
385700;;;SNACKPACK_PISTACHIO;XIRECS;9527.0;1
385700;;;SNACKPACK_RASPBERRY;XIRECS;9831.0;1
385700;;;SNACKPACK_STRAWBERRY;XIRECS;11292.0;1
385700;;;SNACKPACK_VANILLA;XIRECS;10246.0;1
391500;;;SNACKPACK_CHOCOLATE;XIRECS;9541.0;1
391500;;;SNACKPACK_PISTACHIO;XIRECS;9517.0;1
391500;;;SNACKPACK_RASPBERRY;XIRECS;9859.0;1
391500;;;SNACKPACK_STRAWBERRY;XIRECS;11263.0;1
391500;;;SNACKPACK_VANILLA;XIRECS;10301.0;1
392800;;;SNACKPACK_CHOCOLATE;XIRECS;9540.0;2
392800;;;SNACKPACK_PISTACHIO;XIRECS;9507.0;2
392800;;;SNACKPACK_RASPBERRY;XIRECS;9885.0;2
392800;;;SNACKPACK_STRAWBERRY;XIRECS;11224.0;2
392800;;;SNACKPACK_VANILLA;XIRECS;10303.0;2
403400;;;SNACKPACK_CHOCOLATE;XIRECS;9520.0;1
403400;;;SNACKPACK_PISTACHIO;XIRECS;9455.0;1
403400;;;SNACKPACK_RASPBERRY;XIRECS;9944.0;1
403400;;;SNACKPACK_STRAWBERRY;XIRECS;11135.0;1
403400;;;SNACKPACK_VANILLA;XIRECS;10319.0;1
407100;;;SNACKPACK_CHOCOLATE;XIRECS;9564.0;4
407100;;;SNACKPACK_PISTACHIO;XIRECS;9453.0;4
407100;;;SNACKPACK_RASPBERRY;XIRECS;9928.0;4
407100;;;SNACKPACK_STRAWBERRY;XIRECS;11137.0;4
407100;;;SNACKPACK_VANILLA;XIRECS;10273.0;4
416300;;;SNACKPACK_CHOCOLATE;XIRECS;9572.0;4
416300;;;SNACKPACK_PISTACHIO;XIRECS;9484.0;4
416300;;;SNACKPACK_RASPBERRY;XIRECS;9887.0;4
416300;;;SNACKPACK_STRAWBERRY;XIRECS;11218.0;4
416300;;;SNACKPACK_VANILLA;XIRECS;10258.0;4
425200;;;SNACKPACK_CHOCOLATE;XIRECS;9483.0;4
425200;;;SNACKPACK_PISTACHIO;XIRECS;9482.0;4
425200;;;SNACKPACK_RASPBERRY;XIRECS;9833.0;4
425200;;;SNACKPACK_STRAWBERRY;XIRECS;11292.0;4
425200;;;SNACKPACK_VANILLA;XIRECS;10343.0;4
427300;;;SNACKPACK_CHOCOLATE;XIRECS;9434.0;3
427300;;;SNACKPACK_PISTACHIO;XIRECS;9445.0;3
427300;;;SNACKPACK_RASPBERRY;XIRECS;9852.0;3
427300;;;SNACKPACK_STRAWBERRY;XIRECS;11233.0;3
427300;;;SNACKPACK_VANILLA;XIRECS;10356.0;3
428900;;;SNACKPACK_CHOCOLATE;XIRECS;9500.0;1
428900;;;SNACKPACK_PISTACHIO;XIRECS;9442.0;1
428900;;;SNACKPACK_RASPBERRY;XIRECS;9898.0;1
428900;;;SNACKPACK_STRAWBERRY;XIRECS;11229.0;1
428900;;;SNACKPACK_VANILLA;XIRECS;10336.0;1
441900;;;SNACKPACK_CHOCOLATE;XIRECS;9591.0;1
441900;;;SNACKPACK_PISTACHIO;XIRECS;9409.0;1
441900;;;SNACKPACK_RASPBERRY;XIRECS;9935.0;1
441900;;;SNACKPACK_STRAWBERRY;XIRECS;11208.0;1
441900;;;SNACKPACK_VANILLA;XIRECS;10239.0;1
448700;;;SNACKPACK_CHOCOLATE;XIRECS;9598.0;3
448700;;;SNACKPACK_PISTACHIO;XIRECS;9418.0;3
448700;;;SNACKPACK_RASPBERRY;XIRECS;9926.0;3
448700;;;SNACKPACK_STRAWBERRY;XIRECS;11212.0;3
448700;;;SNACKPACK_VANILLA;XIRECS;10186.0;3
450300;;;SNACKPACK_CHOCOLATE;XIRECS;9605.0;1
450300;;;SNACKPACK_PISTACHIO;XIRECS;9413.0;1
450300;;;SNACKPACK_RASPBERRY;XIRECS;9952.0;1
450300;;;SNACKPACK_STRAWBERRY;XIRECS;11222.0;1
450300;;;SNACKPACK_VANILLA;XIRECS;10217.0;1
451800;;;SNACKPACK_CHOCOLATE;XIRECS;9587.0;3
451800;;;SNACKPACK_PISTACHIO;XIRECS;9408.0;3
451800;;;SNACKPACK_RASPBERRY;XIRECS;9913.0;3
451800;;;SNACKPACK_STRAWBERRY;XIRECS;11225.0;3
451800;;;SNACKPACK_VANILLA;XIRECS;10203.0;3
453100;;;SNACKPACK_CHOCOLATE;XIRECS;9587.0;4
453100;;;SNACKPACK_PISTACHIO;XIRECS;9448.0;4
453100;;;SNACKPACK_RASPBERRY;XIRECS;9914.0;4
453100;;;SNACKPACK_STRAWBERRY;XIRECS;11270.0;4
453100;;;SNACKPACK_VANILLA;XIRECS;10237.0;4
455100;;;SNACKPACK_CHOCOLATE;XIRECS;9603.0;2
455100;;;SNACKPACK_PISTACHIO;XIRECS;9441.0;2
455100;;;SNACKPACK_RASPBERRY;XIRECS;9869.0;2
455100;;;SNACKPACK_STRAWBERRY;XIRECS;11280.0;2
455100;;;SNACKPACK_VANILLA;XIRECS;10181.0;2
461500;;;SNACKPACK_CHOCOLATE;XIRECS;9629.0;2
461500;;;SNACKPACK_PISTACHIO;XIRECS;9340.0;2
461500;;;SNACKPACK_RASPBERRY;XIRECS;9979.0;2
461500;;;SNACKPACK_STRAWBERRY;XIRECS;11158.0;2
461500;;;SNACKPACK_VANILLA;XIRECS;10158.0;2
469900;;;SNACKPACK_CHOCOLATE;XIRECS;9651.0;1
469900;;;SNACKPACK_PISTACHIO;XIRECS;9366.0;1
469900;;;SNACKPACK_RASPBERRY;XIRECS;9977.0;1
469900;;;SNACKPACK_STRAWBERRY;XIRECS;11187.0;1
469900;;;SNACKPACK_VANILLA;XIRECS;10160.0;1
470800;;;SNACKPACK_CHOCOLATE;XIRECS;9620.0;3
470800;;;SNACKPACK_PISTACHIO;XIRECS;9347.0;3
470800;;;SNACKPACK_RASPBERRY;XIRECS;9953.0;3
470800;;;SNACKPACK_STRAWBERRY;XIRECS;11162.0;3
470800;;;SNACKPACK_VANILLA;XIRECS;10165.0;3
473300;;;SNACKPACK_CHOCOLATE;XIRECS;9612.0;3
473300;;;SNACKPACK_PISTACHIO;XIRECS;9339.0;3
473300;;;SNACKPACK_RASPBERRY;XIRECS;10011.0;3
473300;;;SNACKPACK_STRAWBERRY;XIRECS;11130.0;3
473300;;;SNACKPACK_VANILLA;XIRECS;10206.0;3
475700;;;SNACKPACK_CHOCOLATE;XIRECS;9571.0;4
475700;;;SNACKPACK_PISTACHIO;XIRECS;9356.0;4
475700;;;SNACKPACK_RASPBERRY;XIRECS;9988.0;4
475700;;;SNACKPACK_STRAWBERRY;XIRECS;11169.0;4
475700;;;SNACKPACK_VANILLA;XIRECS;10249.0;4
479500;;;SNACKPACK_CHOCOLATE;XIRECS;9515.0;2
479500;;;SNACKPACK_PISTACHIO;XIRECS;9330.0;2
479500;;;SNACKPACK_RASPBERRY;XIRECS;10018.0;2
479500;;;SNACKPACK_STRAWBERRY;XIRECS;11146.0;2
479500;;;SNACKPACK_VANILLA;XIRECS;10316.0;2
487300;;;SNACKPACK_CHOCOLATE;XIRECS;9491.0;1
487300;;;SNACKPACK_PISTACHIO;XIRECS;9310.0;1
487300;;;SNACKPACK_RASPBERRY;XIRECS;10075.0;1
487300;;;SNACKPACK_STRAWBERRY;XIRECS;11084.0;1
487300;;;SNACKPACK_VANILLA;XIRECS;10332.0;1
491600;;;SNACKPACK_CHOCOLATE;XIRECS;9470.0;2
491600;;;SNACKPACK_PISTACHIO;XIRECS;9286.0;2
491600;;;SNACKPACK_RASPBERRY;XIRECS;10115.0;2
491600;;;SNACKPACK_STRAWBERRY;XIRECS;11028.0;2
491600;;;SNACKPACK_VANILLA;XIRECS;10339.0;2
492000;;;SNACKPACK_CHOCOLATE;XIRECS;9471.0;3
492000;;;SNACKPACK_PISTACHIO;XIRECS;9300.0;3
492000;;;SNACKPACK_RASPBERRY;XIRECS;10139.0;3
492000;;;SNACKPACK_STRAWBERRY;XIRECS;11031.0;3
492000;;;SNACKPACK_VANILLA;XIRECS;10372.0;3
492100;;;SNACKPACK_CHOCOLATE;XIRECS;9451.0;2
492100;;;SNACKPACK_PISTACHIO;XIRECS;9292.0;2
492100;;;SNACKPACK_RASPBERRY;XIRECS;10109.0;2
492100;;;SNACKPACK_STRAWBERRY;XIRECS;11022.0;2
492100;;;SNACKPACK_VANILLA;XIRECS;10355.0;2
497300;;;SNACKPACK_CHOCOLATE;XIRECS;9493.0;4
497300;;;SNACKPACK_PISTACHIO;XIRECS;9259.0;4
497300;;;SNACKPACK_RASPBERRY;XIRECS;10207.0;4
497300;;;SNACKPACK_STRAWBERRY;XIRECS;10952.0;4
497300;;;SNACKPACK_VANILLA;XIRECS;10340.0;4
497700;;;SNACKPACK_CHOCOLATE;XIRECS;9488.0;1
497700;;;SNACKPACK_PISTACHIO;XIRECS;9239.0;1
497700;;;SNACKPACK_RASPBERRY;XIRECS;10234.0;1
497700;;;SNACKPACK_STRAWBERRY;XIRECS;10920.0;1
497700;;;SNACKPACK_VANILLA;XIRECS;10342.0;1
498900;;;SNACKPACK_CHOCOLATE;XIRECS;9473.0;4
498900;;;SNACKPACK_PISTACHIO;XIRECS;9234.0;4
498900;;;SNACKPACK_RASPBERRY;XIRECS;10249.0;4
498900;;;SNACKPACK_STRAWBERRY;XIRECS;10907.0;4
498900;;;SNACKPACK_VANILLA;XIRECS;10356.0;4
507300;;;SNACKPACK_CHOCOLATE;XIRECS;9386.0;3
507300;;;SNACKPACK_PISTACHIO;XIRECS;9249.0;3
507300;;;SNACKPACK_RASPBERRY;XIRECS;10187.0;3
507300;;;SNACKPACK_STRAWBERRY;XIRECS;10926.0;3
507300;;;SNACKPACK_VANILLA;XIRECS;10415.0;3
510200;;;SNACKPACK_CHOCOLATE;XIRECS;9341.0;2
510200;;;SNACKPACK_PISTACHIO;XIRECS;9201.0;2
510200;;;SNACKPACK_RASPBERRY;XIRECS;10227.0;2
510200;;;SNACKPACK_STRAWBERRY;XIRECS;10852.0;2
510200;;;SNACKPACK_VANILLA;XIRECS;10420.0;2
537500;;;SNACKPACK_CHOCOLATE;XIRECS;9369.0;4
537500;;;SNACKPACK_PISTACHIO;XIRECS;9285.0;4
537500;;;SNACKPACK_RASPBERRY;XIRECS;10260.0;4
537500;;;SNACKPACK_STRAWBERRY;XIRECS;10837.0;4
537500;;;SNACKPACK_VANILLA;XIRECS;10444.0;4
538400;;;SNACKPACK_CHOCOLATE;XIRECS;9392.0;2
538400;;;SNACKPACK_PISTACHIO;XIRECS;9282.0;2
538400;;;SNACKPACK_RASPBERRY;XIRECS;10252.0;2
538400;;;SNACKPACK_STRAWBERRY;XIRECS;10829.0;2
538400;;;SNACKPACK_VANILLA;XIRECS;10422.0;2
539900;;;SNACKPACK_CHOCOLATE;XIRECS;9415.0;1
539900;;;SNACKPACK_PISTACHIO;XIRECS;9273.0;1
539900;;;SNACKPACK_RASPBERRY;XIRECS;10303.0;1
539900;;;SNACKPACK_STRAWBERRY;XIRECS;10788.0;1
539900;;;SNACKPACK_VANILLA;XIRECS;10403.0;1
541500;;;SNACKPACK_CHOCOLATE;XIRECS;9463.0;3
541500;;;SNACKPACK_PISTACHIO;XIRECS;9289.0;3
541500;;;SNACKPACK_RASPBERRY;XIRECS;10339.0;3
541500;;;SNACKPACK_STRAWBERRY;XIRECS;10803.0;3
541500;;;SNACKPACK_VANILLA;XIRECS;10390.0;3
555400;;;SNACKPACK_CHOCOLATE;XIRECS;9448.0;1
555400;;;SNACKPACK_PISTACHIO;XIRECS;9424.0;1
555400;;;SNACKPACK_RASPBERRY;XIRECS;10173.0;1
555400;;;SNACKPACK_STRAWBERRY;XIRECS;10989.0;1
555400;;;SNACKPACK_VANILLA;XIRECS;10426.0;1
556900;;;SNACKPACK_CHOCOLATE;XIRECS;9450.0;1
556900;;;SNACKPACK_PISTACHIO;XIRECS;9413.0;1
556900;;;SNACKPACK_RASPBERRY;XIRECS;10169.0;1
556900;;;SNACKPACK_STRAWBERRY;XIRECS;10993.0;1
556900;;;SNACKPACK_VANILLA;XIRECS;10426.0;1
559600;;;SNACKPACK_CHOCOLATE;XIRECS;9430.0;1
559600;;;SNACKPACK_PISTACHIO;XIRECS;9419.0;1
559600;;;SNACKPACK_RASPBERRY;XIRECS;10124.0;1
559600;;;SNACKPACK_STRAWBERRY;XIRECS;10993.0;1
559600;;;SNACKPACK_VANILLA;XIRECS;10399.0;1
561700;;;SNACKPACK_CHOCOLATE;XIRECS;9454.0;2
561700;;;SNACKPACK_PISTACHIO;XIRECS;9420.0;2
561700;;;SNACKPACK_RASPBERRY;XIRECS;10140.0;2
561700;;;SNACKPACK_STRAWBERRY;XIRECS;10996.0;2
561700;;;SNACKPACK_VANILLA;XIRECS;10411.0;2
563600;;;SNACKPACK_CHOCOLATE;XIRECS;9488.0;2
563600;;;SNACKPACK_PISTACHIO;XIRECS;9434.0;2
563600;;;SNACKPACK_RASPBERRY;XIRECS;10122.0;2
563600;;;SNACKPACK_STRAWBERRY;XIRECS;10993.0;2
563600;;;SNACKPACK_VANILLA;XIRECS;10376.0;2
564200;;;SNACKPACK_CHOCOLATE;XIRECS;9500.0;2
564200;;;SNACKPACK_PISTACHIO;XIRECS;9445.0;2
564200;;;SNACKPACK_RASPBERRY;XIRECS;10092.0;2
564200;;;SNACKPACK_STRAWBERRY;XIRECS;11016.0;2
564200;;;SNACKPACK_VANILLA;XIRECS;10361.0;2
564800;;;SNACKPACK_CHOCOLATE;XIRECS;9478.0;2
564800;;;SNACKPACK_PISTACHIO;XIRECS;9419.0;2
564800;;;SNACKPACK_RASPBERRY;XIRECS;10082.0;2
564800;;;SNACKPACK_STRAWBERRY;XIRECS;10993.0;2
564800;;;SNACKPACK_VANILLA;XIRECS;10351.0;2
566900;;;SNACKPACK_CHOCOLATE;XIRECS;9445.0;3
566900;;;SNACKPACK_PISTACHIO;XIRECS;9438.0;3
566900;;;SNACKPACK_RASPBERRY;XIRECS;10059.0;3
566900;;;SNACKPACK_STRAWBERRY;XIRECS;11030.0;3
566900;;;SNACKPACK_VANILLA;XIRECS;10402.0;3
576400;;;SNACKPACK_CHOCOLATE;XIRECS;9505.0;4
576400;;;SNACKPACK_PISTACHIO;XIRECS;9457.0;4
576400;;;SNACKPACK_RASPBERRY;XIRECS;9988.0;4
576400;;;SNACKPACK_STRAWBERRY;XIRECS;11111.0;4
576400;;;SNACKPACK_VANILLA;XIRECS;10366.0;4
580400;;;SNACKPACK_CHOCOLATE;XIRECS;9458.0;1
580400;;;SNACKPACK_PISTACHIO;XIRECS;9448.0;1
580400;;;SNACKPACK_RASPBERRY;XIRECS;9994.0;1
580400;;;SNACKPACK_STRAWBERRY;XIRECS;11102.0;1
580400;;;SNACKPACK_VANILLA;XIRECS;10402.0;1
583600;;;SNACKPACK_CHOCOLATE;XIRECS;9442.0;2
583600;;;SNACKPACK_PISTACHIO;XIRECS;9461.0;2
583600;;;SNACKPACK_RASPBERRY;XIRECS;9979.0;2
583600;;;SNACKPACK_STRAWBERRY;XIRECS;11118.0;2
583600;;;SNACKPACK_VANILLA;XIRECS;10411.0;2
584700;;;SNACKPACK_CHOCOLATE;XIRECS;9434.0;4
584700;;;SNACKPACK_PISTACHIO;XIRECS;9468.0;4
584700;;;SNACKPACK_RASPBERRY;XIRECS;9956.0;4
584700;;;SNACKPACK_STRAWBERRY;XIRECS;11142.0;4
584700;;;SNACKPACK_VANILLA;XIRECS;10420.0;4
586500;;;SNACKPACK_CHOCOLATE;XIRECS;9473.0;2
586500;;;SNACKPACK_PISTACHIO;XIRECS;9479.0;2
586500;;;SNACKPACK_RASPBERRY;XIRECS;9938.0;2
586500;;;SNACKPACK_STRAWBERRY;XIRECS;11158.0;2
586500;;;SNACKPACK_VANILLA;XIRECS;10386.0;2
587300;;;SNACKPACK_CHOCOLATE;XIRECS;9491.0;4
587300;;;SNACKPACK_PISTACHIO;XIRECS;9502.0;4
587300;;;SNACKPACK_RASPBERRY;XIRECS;9902.0;4
587300;;;SNACKPACK_STRAWBERRY;XIRECS;11196.0;4
587300;;;SNACKPACK_VANILLA;XIRECS;10365.0;4
591000;;;SNACKPACK_CHOCOLATE;XIRECS;9428.0;1
591000;;;SNACKPACK_PISTACHIO;XIRECS;9462.0;1
591000;;;SNACKPACK_RASPBERRY;XIRECS;9946.0;1
591000;;;SNACKPACK_STRAWBERRY;XIRECS;11168.0;1
591000;;;SNACKPACK_VANILLA;XIRECS;10428.0;1
592800;;;SNACKPACK_CHOCOLATE;XIRECS;9448.0;3
592800;;;SNACKPACK_PISTACHIO;XIRECS;9489.0;3
592800;;;SNACKPACK_RASPBERRY;XIRECS;9887.0;3
592800;;;SNACKPACK_STRAWBERRY;XIRECS;11233.0;3
592800;;;SNACKPACK_VANILLA;XIRECS;10399.0;3
596400;;;SNACKPACK_CHOCOLATE;XIRECS;9375.0;3
596400;;;SNACKPACK_PISTACHIO;XIRECS;9478.0;3
596400;;;SNACKPACK_RASPBERRY;XIRECS;9862.0;3
596400;;;SNACKPACK_STRAWBERRY;XIRECS;11227.0;3
596400;;;SNACKPACK_VANILLA;XIRECS;10440.0;3
604000;;;SNACKPACK_CHOCOLATE;XIRECS;9434.0;2
604000;;;SNACKPACK_PISTACHIO;XIRECS;9518.0;2
604000;;;SNACKPACK_RASPBERRY;XIRECS;9808.0;2
604000;;;SNACKPACK_STRAWBERRY;XIRECS;11295.0;2
604000;;;SNACKPACK_VANILLA;XIRECS;10413.0;2
613600;;;SNACKPACK_CHOCOLATE;XIRECS;9422.0;2
613600;;;SNACKPACK_PISTACHIO;XIRECS;9491.0;2
613600;;;SNACKPACK_RASPBERRY;XIRECS;9818.0;2
613600;;;SNACKPACK_STRAWBERRY;XIRECS;11296.0;2
613600;;;SNACKPACK_VANILLA;XIRECS;10455.0;2
614700;;;SNACKPACK_CHOCOLATE;XIRECS;9388.0;3
614700;;;SNACKPACK_PISTACHIO;XIRECS;9498.0;3
614700;;;SNACKPACK_RASPBERRY;XIRECS;9788.0;3
614700;;;SNACKPACK_STRAWBERRY;XIRECS;11310.0;3
614700;;;SNACKPACK_VANILLA;XIRECS;10470.0;3
618500;;;SNACKPACK_CHOCOLATE;XIRECS;9380.0;3
618500;;;SNACKPACK_PISTACHIO;XIRECS;9427.0;3
618500;;;SNACKPACK_RASPBERRY;XIRECS;9863.0;3
618500;;;SNACKPACK_STRAWBERRY;XIRECS;11218.0;3
618500;;;SNACKPACK_VANILLA;XIRECS;10491.0;3
621300;;;SNACKPACK_CHOCOLATE;XIRECS;9405.0;2
621300;;;SNACKPACK_PISTACHIO;XIRECS;9470.0;2
621300;;;SNACKPACK_RASPBERRY;XIRECS;9760.0;2
621300;;;SNACKPACK_STRAWBERRY;XIRECS;11326.0;2
621300;;;SNACKPACK_VANILLA;XIRECS;10459.0;2
621700;;;SNACKPACK_CHOCOLATE;XIRECS;9398.0;3
621700;;;SNACKPACK_PISTACHIO;XIRECS;9449.0;3
621700;;;SNACKPACK_RASPBERRY;XIRECS;9786.0;3
621700;;;SNACKPACK_STRAWBERRY;XIRECS;11302.0;3
621700;;;SNACKPACK_VANILLA;XIRECS;10467.0;3
626300;;;SNACKPACK_CHOCOLATE;XIRECS;9410.0;1
626300;;;SNACKPACK_PISTACHIO;XIRECS;9458.0;1
626300;;;SNACKPACK_RASPBERRY;XIRECS;9809.0;1
626300;;;SNACKPACK_STRAWBERRY;XIRECS;11302.0;1
626300;;;SNACKPACK_VANILLA;XIRECS;10473.0;1
634200;;;SNACKPACK_CHOCOLATE;XIRECS;9392.0;1
634200;;;SNACKPACK_PISTACHIO;XIRECS;9428.0;1
634200;;;SNACKPACK_RASPBERRY;XIRECS;9824.0;1
634200;;;SNACKPACK_STRAWBERRY;XIRECS;11246.0;1
634200;;;SNACKPACK_VANILLA;XIRECS;10466.0;1
641300;;;SNACKPACK_CHOCOLATE;XIRECS;9491.0;2
641300;;;SNACKPACK_PISTACHIO;XIRECS;9423.0;2
641300;;;SNACKPACK_RASPBERRY;XIRECS;9922.0;2
641300;;;SNACKPACK_STRAWBERRY;XIRECS;11201.0;2
641300;;;SNACKPACK_VANILLA;XIRECS;10422.0;2
657600;;;SNACKPACK_CHOCOLATE;XIRECS;9485.0;4
657600;;;SNACKPACK_PISTACHIO;XIRECS;9426.0;4
657600;;;SNACKPACK_RASPBERRY;XIRECS;9923.0;4
657600;;;SNACKPACK_STRAWBERRY;XIRECS;11205.0;4
657600;;;SNACKPACK_VANILLA;XIRECS;10417.0;4
666100;;;SNACKPACK_CHOCOLATE;XIRECS;9481.0;3
666100;;;SNACKPACK_PISTACHIO;XIRECS;9412.0;3
666100;;;SNACKPACK_RASPBERRY;XIRECS;9879.0;3
666100;;;SNACKPACK_STRAWBERRY;XIRECS;11222.0;3
666100;;;SNACKPACK_VANILLA;XIRECS;10388.0;3
668900;;;SNACKPACK_CHOCOLATE;XIRECS;9488.0;1
668900;;;SNACKPACK_PISTACHIO;XIRECS;9480.0;1
668900;;;SNACKPACK_RASPBERRY;XIRECS;9821.0;1
668900;;;SNACKPACK_STRAWBERRY;XIRECS;11297.0;1
668900;;;SNACKPACK_VANILLA;XIRECS;10378.0;1
676800;;;SNACKPACK_CHOCOLATE;XIRECS;9564.0;2
676800;;;SNACKPACK_PISTACHIO;XIRECS;9465.0;2
676800;;;SNACKPACK_RASPBERRY;XIRECS;9871.0;2
676800;;;SNACKPACK_STRAWBERRY;XIRECS;11299.0;2
676800;;;SNACKPACK_VANILLA;XIRECS;10342.0;2
679500;;;SNACKPACK_CHOCOLATE;XIRECS;9593.0;2
679500;;;SNACKPACK_PISTACHIO;XIRECS;9475.0;2
679500;;;SNACKPACK_RASPBERRY;XIRECS;9860.0;2
679500;;;SNACKPACK_STRAWBERRY;XIRECS;11308.0;2
679500;;;SNACKPACK_VANILLA;XIRECS;10311.0;2
680300;;;SNACKPACK_CHOCOLATE;XIRECS;9543.0;1
680300;;;SNACKPACK_PISTACHIO;XIRECS;9488.0;1
680300;;;SNACKPACK_RASPBERRY;XIRECS;9868.0;1
680300;;;SNACKPACK_STRAWBERRY;XIRECS;11302.0;1
680300;;;SNACKPACK_VANILLA;XIRECS;10363.0;1
683800;;;SNACKPACK_CHOCOLATE;XIRECS;9580.0;2
683800;;;SNACKPACK_PISTACHIO;XIRECS;9445.0;2
683800;;;SNACKPACK_RASPBERRY;XIRECS;9922.0;2
683800;;;SNACKPACK_STRAWBERRY;XIRECS;11232.0;2
683800;;;SNACKPACK_VANILLA;XIRECS;10297.0;2
687500;;;SNACKPACK_CHOCOLATE;XIRECS;9608.0;4
687500;;;SNACKPACK_PISTACHIO;XIRECS;9419.0;4
687500;;;SNACKPACK_RASPBERRY;XIRECS;9941.0;4
687500;;;SNACKPACK_STRAWBERRY;XIRECS;11228.0;4
687500;;;SNACKPACK_VANILLA;XIRECS;10265.0;4
693800;;;SNACKPACK_CHOCOLATE;XIRECS;9616.0;4
693800;;;SNACKPACK_PISTACHIO;XIRECS;9450.0;4
693800;;;SNACKPACK_RASPBERRY;XIRECS;9922.0;4
693800;;;SNACKPACK_STRAWBERRY;XIRECS;11260.0;4
693800;;;SNACKPACK_VANILLA;XIRECS;10262.0;4
701400;;;SNACKPACK_CHOCOLATE;XIRECS;9638.0;1
701400;;;SNACKPACK_PISTACHIO;XIRECS;9430.0;1
701400;;;SNACKPACK_RASPBERRY;XIRECS;9998.0;1
701400;;;SNACKPACK_STRAWBERRY;XIRECS;11218.0;1
701400;;;SNACKPACK_VANILLA;XIRECS;10277.0;1
712000;;;SNACKPACK_CHOCOLATE;XIRECS;9621.0;2
712000;;;SNACKPACK_PISTACHIO;XIRECS;9330.0;2
712000;;;SNACKPACK_RASPBERRY;XIRECS;10141.0;2
712000;;;SNACKPACK_STRAWBERRY;XIRECS;11068.0;2
712000;;;SNACKPACK_VANILLA;XIRECS;10276.0;2
718400;;;SNACKPACK_CHOCOLATE;XIRECS;9661.0;1
718400;;;SNACKPACK_PISTACHIO;XIRECS;9303.0;1
718400;;;SNACKPACK_RASPBERRY;XIRECS;10138.0;1
718400;;;SNACKPACK_STRAWBERRY;XIRECS;11064.0;1
718400;;;SNACKPACK_VANILLA;XIRECS;10244.0;1
725200;;;SNACKPACK_CHOCOLATE;XIRECS;9706.0;2
725200;;;SNACKPACK_PISTACHIO;XIRECS;9329.0;2
725200;;;SNACKPACK_RASPBERRY;XIRECS;10041.0;2
725200;;;SNACKPACK_STRAWBERRY;XIRECS;11143.0;2
725200;;;SNACKPACK_VANILLA;XIRECS;10203.0;2
732500;;;SNACKPACK_CHOCOLATE;XIRECS;9749.0;1
732500;;;SNACKPACK_PISTACHIO;XIRECS;9297.0;1
732500;;;SNACKPACK_RASPBERRY;XIRECS;10145.0;1
732500;;;SNACKPACK_STRAWBERRY;XIRECS;11110.0;1
732500;;;SNACKPACK_VANILLA;XIRECS;10188.0;1
735400;;;SNACKPACK_CHOCOLATE;XIRECS;9773.0;4
735400;;;SNACKPACK_PISTACHIO;XIRECS;9301.0;4
735400;;;SNACKPACK_RASPBERRY;XIRECS;10160.0;4
735400;;;SNACKPACK_STRAWBERRY;XIRECS;11103.0;4
735400;;;SNACKPACK_VANILLA;XIRECS;10166.0;4
738500;;;SNACKPACK_CHOCOLATE;XIRECS;9708.0;1
738500;;;SNACKPACK_PISTACHIO;XIRECS;9270.0;1
738500;;;SNACKPACK_RASPBERRY;XIRECS;10167.0;1
738500;;;SNACKPACK_STRAWBERRY;XIRECS;11039.0;1
738500;;;SNACKPACK_VANILLA;XIRECS;10207.0;1
740200;;;SNACKPACK_CHOCOLATE;XIRECS;9758.0;3
740200;;;SNACKPACK_PISTACHIO;XIRECS;9281.0;3
740200;;;SNACKPACK_RASPBERRY;XIRECS;10197.0;3
740200;;;SNACKPACK_STRAWBERRY;XIRECS;11039.0;3
740200;;;SNACKPACK_VANILLA;XIRECS;10188.0;3
741800;;;SNACKPACK_CHOCOLATE;XIRECS;9765.0;2
741800;;;SNACKPACK_PISTACHIO;XIRECS;9301.0;2
741800;;;SNACKPACK_RASPBERRY;XIRECS;10199.0;2
741800;;;SNACKPACK_STRAWBERRY;XIRECS;11052.0;2
741800;;;SNACKPACK_VANILLA;XIRECS;10183.0;2
748400;;;SNACKPACK_CHOCOLATE;XIRECS;9796.0;4
748400;;;SNACKPACK_PISTACHIO;XIRECS;9305.0;4
748400;;;SNACKPACK_RASPBERRY;XIRECS;10207.0;4
748400;;;SNACKPACK_STRAWBERRY;XIRECS;11048.0;4
748400;;;SNACKPACK_VANILLA;XIRECS;10158.0;4
754600;;;SNACKPACK_CHOCOLATE;XIRECS;9744.0;2
754600;;;SNACKPACK_PISTACHIO;XIRECS;9298.0;2
754600;;;SNACKPACK_RASPBERRY;XIRECS;10222.0;2
754600;;;SNACKPACK_STRAWBERRY;XIRECS;11011.0;2
754600;;;SNACKPACK_VANILLA;XIRECS;10213.0;2
756400;;;SNACKPACK_CHOCOLATE;XIRECS;9783.0;1
756400;;;SNACKPACK_PISTACHIO;XIRECS;9285.0;1
756400;;;SNACKPACK_RASPBERRY;XIRECS;10239.0;1
756400;;;SNACKPACK_STRAWBERRY;XIRECS;10983.0;1
756400;;;SNACKPACK_VANILLA;XIRECS;10173.0;1
760200;;;SNACKPACK_CHOCOLATE;XIRECS;9757.0;1
760200;;;SNACKPACK_PISTACHIO;XIRECS;9252.0;1
760200;;;SNACKPACK_RASPBERRY;XIRECS;10228.0;1
760200;;;SNACKPACK_STRAWBERRY;XIRECS;10989.0;1
760200;;;SNACKPACK_VANILLA;XIRECS;10183.0;1
764600;;;SNACKPACK_CHOCOLATE;XIRECS;9779.0;2
764600;;;SNACKPACK_PISTACHIO;XIRECS;9281.0;2
764600;;;SNACKPACK_RASPBERRY;XIRECS;10225.0;2
764600;;;SNACKPACK_STRAWBERRY;XIRECS;11009.0;2
764600;;;SNACKPACK_VANILLA;XIRECS;10171.0;2
766000;;;SNACKPACK_CHOCOLATE;XIRECS;9823.0;4
766000;;;SNACKPACK_PISTACHIO;XIRECS;9294.0;4
766000;;;SNACKPACK_RASPBERRY;XIRECS;10221.0;4
766000;;;SNACKPACK_STRAWBERRY;XIRECS;11027.0;4
766000;;;SNACKPACK_VANILLA;XIRECS;10121.0;4
771100;;;SNACKPACK_CHOCOLATE;XIRECS;9818.0;4
771100;;;SNACKPACK_PISTACHIO;XIRECS;9269.0;4
771100;;;SNACKPACK_RASPBERRY;XIRECS;10258.0;4
771100;;;SNACKPACK_STRAWBERRY;XIRECS;10979.0;4
771100;;;SNACKPACK_VANILLA;XIRECS;10121.0;4
773100;;;SNACKPACK_CHOCOLATE;XIRECS;9826.0;3
773100;;;SNACKPACK_PISTACHIO;XIRECS;9286.0;3
773100;;;SNACKPACK_RASPBERRY;XIRECS;10221.0;3
773100;;;SNACKPACK_STRAWBERRY;XIRECS;11013.0;3
773100;;;SNACKPACK_VANILLA;XIRECS;10106.0;3
778800;;;SNACKPACK_CHOCOLATE;XIRECS;9696.0;2
778800;;;SNACKPACK_PISTACHIO;XIRECS;9289.0;2
778800;;;SNACKPACK_RASPBERRY;XIRECS;10181.0;2
778800;;;SNACKPACK_STRAWBERRY;XIRECS;11059.0;2
778800;;;SNACKPACK_VANILLA;XIRECS;10195.0;2
782000;;;SNACKPACK_CHOCOLATE;XIRECS;9692.0;4
782000;;;SNACKPACK_PISTACHIO;XIRECS;9264.0;4
782000;;;SNACKPACK_RASPBERRY;XIRECS;10243.0;4
782000;;;SNACKPACK_STRAWBERRY;XIRECS;11030.0;4
782000;;;SNACKPACK_VANILLA;XIRECS;10237.0;4
784400;;;SNACKPACK_CHOCOLATE;XIRECS;9681.0;3
784400;;;SNACKPACK_PISTACHIO;XIRECS;9289.0;3
784400;;;SNACKPACK_RASPBERRY;XIRECS;10206.0;3
784400;;;SNACKPACK_STRAWBERRY;XIRECS;11071.0;3
784400;;;SNACKPACK_VANILLA;XIRECS;10248.0;3
784700;;;SNACKPACK_CHOCOLATE;XIRECS;9680.0;1
784700;;;SNACKPACK_PISTACHIO;XIRECS;9294.0;1
784700;;;SNACKPACK_RASPBERRY;XIRECS;10197.0;1
784700;;;SNACKPACK_STRAWBERRY;XIRECS;11075.0;1
784700;;;SNACKPACK_VANILLA;XIRECS;10247.0;1
795000;;;SNACKPACK_CHOCOLATE;XIRECS;9671.0;2
795000;;;SNACKPACK_PISTACHIO;XIRECS;9258.0;2
795000;;;SNACKPACK_RASPBERRY;XIRECS;10238.0;2
795000;;;SNACKPACK_STRAWBERRY;XIRECS;10993.0;2
795000;;;SNACKPACK_VANILLA;XIRECS;10223.0;2
797000;;;SNACKPACK_CHOCOLATE;XIRECS;9737.0;3
797000;;;SNACKPACK_PISTACHIO;XIRECS;9215.0;3
797000;;;SNACKPACK_RASPBERRY;XIRECS;10268.0;3
797000;;;SNACKPACK_STRAWBERRY;XIRECS;10953.0;3
797000;;;SNACKPACK_VANILLA;XIRECS;10158.0;3
800700;;;SNACKPACK_CHOCOLATE;XIRECS;9793.0;1
800700;;;SNACKPACK_PISTACHIO;XIRECS;9195.0;1
800700;;;SNACKPACK_RASPBERRY;XIRECS;10342.0;1
800700;;;SNACKPACK_STRAWBERRY;XIRECS;10905.0;1
800700;;;SNACKPACK_VANILLA;XIRECS;10134.0;1
803300;;;SNACKPACK_CHOCOLATE;XIRECS;9785.0;3
803300;;;SNACKPACK_PISTACHIO;XIRECS;9218.0;3
803300;;;SNACKPACK_RASPBERRY;XIRECS;10265.0;3
803300;;;SNACKPACK_STRAWBERRY;XIRECS;10932.0;3
803300;;;SNACKPACK_VANILLA;XIRECS;10106.0;3
807800;;;SNACKPACK_CHOCOLATE;XIRECS;9795.0;2
807800;;;SNACKPACK_PISTACHIO;XIRECS;9222.0;2
807800;;;SNACKPACK_RASPBERRY;XIRECS;10240.0;2
807800;;;SNACKPACK_STRAWBERRY;XIRECS;10946.0;2
807800;;;SNACKPACK_VANILLA;XIRECS;10100.0;2
814200;;;SNACKPACK_CHOCOLATE;XIRECS;9730.0;3
814200;;;SNACKPACK_PISTACHIO;XIRECS;9195.0;3
814200;;;SNACKPACK_RASPBERRY;XIRECS;10310.0;3
814200;;;SNACKPACK_STRAWBERRY;XIRECS;10914.0;3
814200;;;SNACKPACK_VANILLA;XIRECS;10172.0;3
817500;;;SNACKPACK_CHOCOLATE;XIRECS;9704.0;3
817500;;;SNACKPACK_PISTACHIO;XIRECS;9192.0;3
817500;;;SNACKPACK_RASPBERRY;XIRECS;10322.0;3
817500;;;SNACKPACK_STRAWBERRY;XIRECS;10901.0;3
817500;;;SNACKPACK_VANILLA;XIRECS;10209.0;3
822800;;;SNACKPACK_CHOCOLATE;XIRECS;9725.0;2
822800;;;SNACKPACK_PISTACHIO;XIRECS;9213.0;2
822800;;;SNACKPACK_RASPBERRY;XIRECS;10320.0;2
822800;;;SNACKPACK_STRAWBERRY;XIRECS;10939.0;2
822800;;;SNACKPACK_VANILLA;XIRECS;10203.0;2
825500;;;SNACKPACK_CHOCOLATE;XIRECS;9697.0;1
825500;;;SNACKPACK_PISTACHIO;XIRECS;9175.0;1
825500;;;SNACKPACK_RASPBERRY;XIRECS;10310.0;1
825500;;;SNACKPACK_STRAWBERRY;XIRECS;10899.0;1
825500;;;SNACKPACK_VANILLA;XIRECS;10209.0;1
828100;;;SNACKPACK_CHOCOLATE;XIRECS;9732.0;3
828100;;;SNACKPACK_PISTACHIO;XIRECS;9190.0;3
828100;;;SNACKPACK_RASPBERRY;XIRECS;10347.0;3
828100;;;SNACKPACK_STRAWBERRY;XIRECS;10912.0;3
828100;;;SNACKPACK_VANILLA;XIRECS;10209.0;3
835400;;;SNACKPACK_CHOCOLATE;XIRECS;9759.0;2
835400;;;SNACKPACK_PISTACHIO;XIRECS;9196.0;2
835400;;;SNACKPACK_RASPBERRY;XIRECS;10279.0;2
835400;;;SNACKPACK_STRAWBERRY;XIRECS;10955.0;2
835400;;;SNACKPACK_VANILLA;XIRECS;10143.0;2
836400;;;SNACKPACK_CHOCOLATE;XIRECS;9755.0;2
836400;;;SNACKPACK_PISTACHIO;XIRECS;9190.0;2
836400;;;SNACKPACK_RASPBERRY;XIRECS;10341.0;2
836400;;;SNACKPACK_STRAWBERRY;XIRECS;10925.0;2
836400;;;SNACKPACK_VANILLA;XIRECS;10179.0;2
842600;;;SNACKPACK_CHOCOLATE;XIRECS;9679.0;2
842600;;;SNACKPACK_PISTACHIO;XIRECS;9163.0;2
842600;;;SNACKPACK_RASPBERRY;XIRECS;10296.0;2
842600;;;SNACKPACK_STRAWBERRY;XIRECS;10897.0;2
842600;;;SNACKPACK_VANILLA;XIRECS;10223.0;2
849900;;;SNACKPACK_CHOCOLATE;XIRECS;9664.0;2
849900;;;SNACKPACK_PISTACHIO;XIRECS;9211.0;2
849900;;;SNACKPACK_RASPBERRY;XIRECS;10202.0;2
849900;;;SNACKPACK_STRAWBERRY;XIRECS;10973.0;2
849900;;;SNACKPACK_VANILLA;XIRECS;10241.0;2
850800;;;SNACKPACK_CHOCOLATE;XIRECS;9663.0;1
850800;;;SNACKPACK_PISTACHIO;XIRECS;9210.0;1
850800;;;SNACKPACK_RASPBERRY;XIRECS;10186.0;1
850800;;;SNACKPACK_STRAWBERRY;XIRECS;10991.0;1
850800;;;SNACKPACK_VANILLA;XIRECS;10244.0;1
851400;;;SNACKPACK_CHOCOLATE;XIRECS;9663.0;1
851400;;;SNACKPACK_PISTACHIO;XIRECS;9207.0;1
851400;;;SNACKPACK_RASPBERRY;XIRECS;10218.0;1
851400;;;SNACKPACK_STRAWBERRY;XIRECS;10985.0;1
851400;;;SNACKPACK_VANILLA;XIRECS;10275.0;1
863500;;;SNACKPACK_CHOCOLATE;XIRECS;9570.0;4
863500;;;SNACKPACK_PISTACHIO;XIRECS;9160.0;4
863500;;;SNACKPACK_RASPBERRY;XIRECS;10223.0;4
863500;;;SNACKPACK_STRAWBERRY;XIRECS;10930.0;4
863500;;;SNACKPACK_VANILLA;XIRECS;10335.0;4
867100;;;SNACKPACK_CHOCOLATE;XIRECS;9553.0;1
867100;;;SNACKPACK_PISTACHIO;XIRECS;9129.0;1
867100;;;SNACKPACK_RASPBERRY;XIRECS;10285.0;1
867100;;;SNACKPACK_STRAWBERRY;XIRECS;10877.0;1
867100;;;SNACKPACK_VANILLA;XIRECS;10349.0;1
874500;;;SNACKPACK_CHOCOLATE;XIRECS;9637.0;1
874500;;;SNACKPACK_PISTACHIO;XIRECS;9100.0;1
874500;;;SNACKPACK_RASPBERRY;XIRECS;10319.0;1
874500;;;SNACKPACK_STRAWBERRY;XIRECS;10824.0;1
874500;;;SNACKPACK_VANILLA;XIRECS;10265.0;1
876500;;;SNACKPACK_CHOCOLATE;XIRECS;9572.0;3
876500;;;SNACKPACK_PISTACHIO;XIRECS;9117.0;3
876500;;;SNACKPACK_RASPBERRY;XIRECS;10292.0;3
876500;;;SNACKPACK_STRAWBERRY;XIRECS;10847.0;3
876500;;;SNACKPACK_VANILLA;XIRECS;10334.0;3
877500;;;SNACKPACK_CHOCOLATE;XIRECS;9580.0;4
877500;;;SNACKPACK_PISTACHIO;XIRECS;9108.0;4
877500;;;SNACKPACK_RASPBERRY;XIRECS;10296.0;4
877500;;;SNACKPACK_STRAWBERRY;XIRECS;10833.0;4
877500;;;SNACKPACK_VANILLA;XIRECS;10334.0;4
886000;;;SNACKPACK_CHOCOLATE;XIRECS;9576.0;4
886000;;;SNACKPACK_PISTACHIO;XIRECS;9101.0;4
886000;;;SNACKPACK_RASPBERRY;XIRECS;10318.0;4
886000;;;SNACKPACK_STRAWBERRY;XIRECS;10862.0;4
886000;;;SNACKPACK_VANILLA;XIRECS;10366.0;4
887400;;;SNACKPACK_CHOCOLATE;XIRECS;9578.0;1
887400;;;SNACKPACK_PISTACHIO;XIRECS;9111.0;1
887400;;;SNACKPACK_RASPBERRY;XIRECS;10335.0;1
887400;;;SNACKPACK_STRAWBERRY;XIRECS;10856.0;1
887400;;;SNACKPACK_VANILLA;XIRECS;10354.0;1
891100;;;SNACKPACK_CHOCOLATE;XIRECS;9535.0;4
891100;;;SNACKPACK_PISTACHIO;XIRECS;9083.0;4
891100;;;SNACKPACK_RASPBERRY;XIRECS;10343.0;4
891100;;;SNACKPACK_STRAWBERRY;XIRECS;10850.0;4
891100;;;SNACKPACK_VANILLA;XIRECS;10408.0;4
891200;;;SNACKPACK_CHOCOLATE;XIRECS;9534.0;2
891200;;;SNACKPACK_PISTACHIO;XIRECS;9088.0;2
891200;;;SNACKPACK_RASPBERRY;XIRECS;10344.0;2
891200;;;SNACKPACK_STRAWBERRY;XIRECS;10851.0;2
891200;;;SNACKPACK_VANILLA;XIRECS;10410.0;2
896500;;;SNACKPACK_CHOCOLATE;XIRECS;9532.0;3
896500;;;SNACKPACK_PISTACHIO;XIRECS;9087.0;3
896500;;;SNACKPACK_RASPBERRY;XIRECS;10352.0;3
896500;;;SNACKPACK_STRAWBERRY;XIRECS;10855.0;3
896500;;;SNACKPACK_VANILLA;XIRECS;10412.0;3
898000;;;SNACKPACK_CHOCOLATE;XIRECS;9520.0;2
898000;;;SNACKPACK_PISTACHIO;XIRECS;9057.0;2
898000;;;SNACKPACK_RASPBERRY;XIRECS;10359.0;2
898000;;;SNACKPACK_STRAWBERRY;XIRECS;10808.0;2
898000;;;SNACKPACK_VANILLA;XIRECS;10395.0;2
898500;;;SNACKPACK_CHOCOLATE;XIRECS;9515.0;2
898500;;;SNACKPACK_PISTACHIO;XIRECS;9042.0;2
898500;;;SNACKPACK_RASPBERRY;XIRECS;10380.0;2
898500;;;SNACKPACK_STRAWBERRY;XIRECS;10787.0;2
898500;;;SNACKPACK_VANILLA;XIRECS;10397.0;2
909200;;;SNACKPACK_CHOCOLATE;XIRECS;9519.0;4
909200;;;SNACKPACK_PISTACHIO;XIRECS;9136.0;4
909200;;;SNACKPACK_RASPBERRY;XIRECS;10215.0;4
909200;;;SNACKPACK_STRAWBERRY;XIRECS;10933.0;4
909200;;;SNACKPACK_VANILLA;XIRECS;10412.0;4
919000;;;SNACKPACK_CHOCOLATE;XIRECS;9575.0;3
919000;;;SNACKPACK_PISTACHIO;XIRECS;9209.0;3
919000;;;SNACKPACK_RASPBERRY;XIRECS;10133.0;3
919000;;;SNACKPACK_STRAWBERRY;XIRECS;11027.0;3
919000;;;SNACKPACK_VANILLA;XIRECS;10328.0;3
922600;;;SNACKPACK_CHOCOLATE;XIRECS;9607.0;1
922600;;;SNACKPACK_PISTACHIO;XIRECS;9174.0;1
922600;;;SNACKPACK_RASPBERRY;XIRECS;10172.0;1
922600;;;SNACKPACK_STRAWBERRY;XIRECS;10992.0;1
922600;;;SNACKPACK_VANILLA;XIRECS;10285.0;1
927900;;;SNACKPACK_CHOCOLATE;XIRECS;9675.0;4
927900;;;SNACKPACK_PISTACHIO;XIRECS;9159.0;4
927900;;;SNACKPACK_RASPBERRY;XIRECS;10226.0;4
927900;;;SNACKPACK_STRAWBERRY;XIRECS;10981.0;4
927900;;;SNACKPACK_VANILLA;XIRECS;10249.0;4
937100;;;SNACKPACK_CHOCOLATE;XIRECS;9753.0;2
937100;;;SNACKPACK_PISTACHIO;XIRECS;9130.0;2
937100;;;SNACKPACK_RASPBERRY;XIRECS;10283.0;2
937100;;;SNACKPACK_STRAWBERRY;XIRECS;10918.0;2
937100;;;SNACKPACK_VANILLA;XIRECS;10124.0;2
937300;;;SNACKPACK_CHOCOLATE;XIRECS;9744.0;2
937300;;;SNACKPACK_PISTACHIO;XIRECS;9135.0;2
937300;;;SNACKPACK_RASPBERRY;XIRECS;10280.0;2
937300;;;SNACKPACK_STRAWBERRY;XIRECS;10925.0;2
937300;;;SNACKPACK_VANILLA;XIRECS;10133.0;2
939700;;;SNACKPACK_CHOCOLATE;XIRECS;9759.0;2
939700;;;SNACKPACK_PISTACHIO;XIRECS;9154.0;2
939700;;;SNACKPACK_RASPBERRY;XIRECS;10248.0;2
939700;;;SNACKPACK_STRAWBERRY;XIRECS;10960.0;2
939700;;;SNACKPACK_VANILLA;XIRECS;10130.0;2
950300;;;SNACKPACK_CHOCOLATE;XIRECS;9733.0;1
950300;;;SNACKPACK_PISTACHIO;XIRECS;9104.0;1
950300;;;SNACKPACK_RASPBERRY;XIRECS;10387.0;1
950300;;;SNACKPACK_STRAWBERRY;XIRECS;10841.0;1
950300;;;SNACKPACK_VANILLA;XIRECS;10209.0;1
951600;;;SNACKPACK_CHOCOLATE;XIRECS;9735.0;3
951600;;;SNACKPACK_PISTACHIO;XIRECS;9054.0;3
951600;;;SNACKPACK_RASPBERRY;XIRECS;10434.0;3
951600;;;SNACKPACK_STRAWBERRY;XIRECS;10782.0;3
951600;;;SNACKPACK_VANILLA;XIRECS;10207.0;3
955900;;;SNACKPACK_CHOCOLATE;XIRECS;9717.0;1
955900;;;SNACKPACK_PISTACHIO;XIRECS;9065.0;1
955900;;;SNACKPACK_RASPBERRY;XIRECS;10372.0;1
955900;;;SNACKPACK_STRAWBERRY;XIRECS;10814.0;1
955900;;;SNACKPACK_VANILLA;XIRECS;10196.0;1
960400;;;SNACKPACK_CHOCOLATE;XIRECS;9694.0;2
960400;;;SNACKPACK_PISTACHIO;XIRECS;9118.0;2
960400;;;SNACKPACK_RASPBERRY;XIRECS;10285.0;2
960400;;;SNACKPACK_STRAWBERRY;XIRECS;10899.0;2
960400;;;SNACKPACK_VANILLA;XIRECS;10270.0;2
962200;;;SNACKPACK_CHOCOLATE;XIRECS;9712.0;4
962200;;;SNACKPACK_PISTACHIO;XIRECS;9129.0;4
962200;;;SNACKPACK_RASPBERRY;XIRECS;10214.0;4
962200;;;SNACKPACK_STRAWBERRY;XIRECS;10924.0;4
962200;;;SNACKPACK_VANILLA;XIRECS;10223.0;4
968900;;;SNACKPACK_CHOCOLATE;XIRECS;9640.0;4
968900;;;SNACKPACK_PISTACHIO;XIRECS;9145.0;4
968900;;;SNACKPACK_RASPBERRY;XIRECS;10244.0;4
968900;;;SNACKPACK_STRAWBERRY;XIRECS;10923.0;4
968900;;;SNACKPACK_VANILLA;XIRECS;10334.0;4
969000;;;SNACKPACK_CHOCOLATE;XIRECS;9620.0;3
969000;;;SNACKPACK_PISTACHIO;XIRECS;9125.0;3
969000;;;SNACKPACK_RASPBERRY;XIRECS;10234.0;3
969000;;;SNACKPACK_STRAWBERRY;XIRECS;10898.0;3
969000;;;SNACKPACK_VANILLA;XIRECS;10320.0;3
970500;;;SNACKPACK_CHOCOLATE;XIRECS;9634.0;3
970500;;;SNACKPACK_PISTACHIO;XIRECS;9124.0;3
970500;;;SNACKPACK_RASPBERRY;XIRECS;10275.0;3
970500;;;SNACKPACK_STRAWBERRY;XIRECS;10882.0;3
970500;;;SNACKPACK_VANILLA;XIRECS;10339.0;3
974700;;;SNACKPACK_CHOCOLATE;XIRECS;9611.0;1
974700;;;SNACKPACK_PISTACHIO;XIRECS;9074.0;1
974700;;;SNACKPACK_RASPBERRY;XIRECS;10307.0;1
974700;;;SNACKPACK_STRAWBERRY;XIRECS;10830.0;1
974700;;;SNACKPACK_VANILLA;XIRECS;10345.0;1
977400;;;SNACKPACK_CHOCOLATE;XIRECS;9589.0;2
977400;;;SNACKPACK_PISTACHIO;XIRECS;9037.0;2
977400;;;SNACKPACK_RASPBERRY;XIRECS;10349.0;2
977400;;;SNACKPACK_STRAWBERRY;XIRECS;10792.0;2
977400;;;SNACKPACK_VANILLA;XIRECS;10364.0;2
979600;;;SNACKPACK_CHOCOLATE;XIRECS;9616.0;3
979600;;;SNACKPACK_PISTACHIO;XIRECS;9052.0;3
979600;;;SNACKPACK_RASPBERRY;XIRECS;10323.0;3
979600;;;SNACKPACK_STRAWBERRY;XIRECS;10828.0;3
979600;;;SNACKPACK_VANILLA;XIRECS;10329.0;3
980200;;;SNACKPACK_CHOCOLATE;XIRECS;9620.0;3
980200;;;SNACKPACK_PISTACHIO;XIRECS;9046.0;3
980200;;;SNACKPACK_RASPBERRY;XIRECS;10384.0;3
980200;;;SNACKPACK_STRAWBERRY;XIRECS;10809.0;3
980200;;;SNACKPACK_VANILLA;XIRECS;10357.0;3
980400;;;SNACKPACK_CHOCOLATE;XIRECS;9615.0;3
980400;;;SNACKPACK_PISTACHIO;XIRECS;9035.0;3
980400;;;SNACKPACK_RASPBERRY;XIRECS;10401.0;3
980400;;;SNACKPACK_STRAWBERRY;XIRECS;10791.0;3
980400;;;SNACKPACK_VANILLA;XIRECS;10360.0;3
991900;;;SNACKPACK_CHOCOLATE;XIRECS;9638.0;3
991900;;;SNACKPACK_PISTACHIO;XIRECS;9070.0;3
991900;;;SNACKPACK_RASPBERRY;XIRECS;10358.0;3
991900;;;SNACKPACK_STRAWBERRY;XIRECS;10827.0;3
991900;;;SNACKPACK_VANILLA;XIRECS;10373.0;3
994600;;;SNACKPACK_CHOCOLATE;XIRECS;9646.0;4
994600;;;SNACKPACK_PISTACHIO;XIRECS;9091.0;4
994600;;;SNACKPACK_RASPBERRY;XIRECS;10321.0;4
994600;;;SNACKPACK_STRAWBERRY;XIRECS;10860.0;4
994600;;;SNACKPACK_VANILLA;XIRECS;10362.0;4
995000;;;SNACKPACK_CHOCOLATE;XIRECS;9674.0;1
995000;;;SNACKPACK_PISTACHIO;XIRECS;9079.0;1
995000;;;SNACKPACK_RASPBERRY;XIRECS;10341.0;1
995000;;;SNACKPACK_STRAWBERRY;XIRECS;10844.0;1
995000;;;SNACKPACK_VANILLA;XIRECS;10337.0;1
995100;;;SNACKPACK_CHOCOLATE;XIRECS;9657.0;4
995100;;;SNACKPACK_PISTACHIO;XIRECS;9057.0;4
995100;;;SNACKPACK_RASPBERRY;XIRECS;10332.0;4
995100;;;SNACKPACK_STRAWBERRY;XIRECS;10817.0;4
995100;;;SNACKPACK_VANILLA;XIRECS;10319.0;4
998900;;;SNACKPACK_CHOCOLATE;XIRECS;9635.0;3
998900;;;SNACKPACK_PISTACHIO;XIRECS;9092.0;3
998900;;;SNACKPACK_RASPBERRY;XIRECS;10325.0;3
998900;;;SNACKPACK_STRAWBERRY;XIRECS;10882.0;3
998900;;;SNACKPACK_VANILLA;XIRECS;10353.0;3
999400;;;SNACKPACK_CHOCOLATE;XIRECS;9667.0;2
999400;;;SNACKPACK_PISTACHIO;XIRECS;9123.0;2
999400;;;SNACKPACK_RASPBERRY;XIRECS;10307.0;2
999400;;;SNACKPACK_STRAWBERRY;XIRECS;10917.0;2
999400;;;SNACKPACK_VANILLA;XIRECS;10337.0;2
