timestamp;buyer;seller;symbol;currency;price;quantity
1700;;;TRANSLATOR_ASTRO_BLACK;XIRECS;9947.0;4
1700;;;TRANSLATOR_ECLIPSE_CHARCOAL;XIRECS;9991.0;4
1700;;;TRANSLATOR_GRAPHITE_MIST;XIRECS;10003.0;4
1700;;;TRANSLATOR_SPACE_GRAY;XIRECS;10011.0;4
1700;;;TRANSLATOR_VOID_BLUE;XIRECS;9990.0;4
14500;;;TRANSLATOR_ASTRO_BLACK;XIRECS;9982.0;1
14500;;;TRANSLATOR_ECLIPSE_CHARCOAL;XIRECS;10022.0;1
14500;;;TRANSLATOR_GRAPHITE_MIST;XIRECS;9906.0;1
14500;;;TRANSLATOR_SPACE_GRAY;XIRECS;9883.0;1
14500;;;TRANSLATOR_VOID_BLUE;XIRECS;10063.0;1
15100;;;TRANSLATOR_ASTRO_BLACK;XIRECS;10022.0;2
15100;;;TRANSLATOR_ECLIPSE_CHARCOAL;XIRECS;10007.0;2
15100;;;TRANSLATOR_GRAPHITE_MIST;XIRECS;9901.0;2
15100;;;TRANSLATOR_SPACE_GRAY;XIRECS;9886.0;2
15100;;;TRANSLATOR_VOID_BLUE;XIRECS;10079.0;2
26500;;;TRANSLATOR_ASTRO_BLACK;XIRECS;10055.0;4
26500;;;TRANSLATOR_ECLIPSE_CHARCOAL;XIRECS;9924.0;4
26500;;;TRANSLATOR_GRAPHITE_MIST;XIRECS;9832.0;4
26500;;;TRANSLATOR_SPACE_GRAY;XIRECS;10065.0;4
26500;;;TRANSLATOR_VOID_BLUE;XIRECS;9992.0;4
36400;;;TRANSLATOR_ASTRO_BLACK;XIRECS;10038.0;4
36400;;;TRANSLATOR_ECLIPSE_CHARCOAL;XIRECS;9743.0;4
36400;;;TRANSLATOR_GRAPHITE_MIST;XIRECS;9867.0;4
36400;;;TRANSLATOR_SPACE_GRAY;XIRECS;9987.0;4
36400;;;TRANSLATOR_VOID_BLUE;XIRECS;10027.0;4
38400;;;TRANSLATOR_ASTRO_BLACK;XIRECS;10067.0;4
38400;;;TRANSLATOR_ECLIPSE_CHARCOAL;XIRECS;9707.0;4
38400;;;TRANSLATOR_GRAPHITE_MIST;XIRECS;9863.0;4
38400;;;TRANSLATOR_SPACE_GRAY;XIRECS;9982.0;4
38400;;;TRANSLATOR_VOID_BLUE;XIRECS;9997.0;4
38600;;;TRANSLATOR_ASTRO_BLACK;XIRECS;10056.0;4
38600;;;TRANSLATOR_ECLIPSE_CHARCOAL;XIRECS;9698.0;4
38600;;;TRANSLATOR_GRAPHITE_MIST;XIRECS;9880.0;4
38600;;;TRANSLATOR_SPACE_GRAY;XIRECS;10010.0;4
38600;;;TRANSLATOR_VOID_BLUE;XIRECS;10011.0;4
52600;;;TRANSLATOR_ASTRO_BLACK;XIRECS;10040.0;2
52600;;;TRANSLATOR_ECLIPSE_CHARCOAL;XIRECS;9564.0;2
52600;;;TRANSLATOR_GRAPHITE_MIST;XIRECS;9865.0;2
52600;;;TRANSLATOR_SPACE_GRAY;XIRECS;10254.0;2
52600;;;TRANSLATOR_VOID_BLUE;XIRECS;10035.0;2
63900;;;TRANSLATOR_ASTRO_BLACK;XIRECS;9941.0;2
63900;;;TRANSLATOR_ECLIPSE_CHARCOAL;XIRECS;9618.0;2
63900;;;TRANSLATOR_GRAPHITE_MIST;XIRECS;9873.0;2
63900;;;TRANSLATOR_SPACE_GRAY;XIRECS;10225.0;2
63900;;;TRANSLATOR_VOID_BLUE;XIRECS;10000.0;2
69500;;;TRANSLATOR_ASTRO_BLACK;XIRECS;9939.0;2
69500;;;TRANSLATOR_ECLIPSE_CHARCOAL;XIRECS;9640.0;2
69500;;;TRANSLATOR_GRAPHITE_MIST;XIRECS;9928.0;2
69500;;;TRANSLATOR_SPACE_GRAY;XIRECS;10225.0;2
69500;;;TRANSLATOR_VOID_BLUE;XIRECS;10013.0;2
71200;;;TRANSLATOR_ASTRO_BLACK;XIRECS;9902.0;1
71200;;;TRANSLATOR_ECLIPSE_CHARCOAL;XIRECS;9626.0;1
71200;;;TRANSLATOR_GRAPHITE_MIST;XIRECS;9940.0;1
71200;;;TRANSLATOR_SPACE_GRAY;XIRECS;10216.0;1
71200;;;TRANSLATOR_VOID_BLUE;XIRECS;9977.0;1
71900;;;TRANSLATOR_ASTRO_BLACK;XIRECS;9931.0;4
71900;;;TRANSLATOR_ECLIPSE_CHARCOAL;XIRECS;9619.0;4
71900;;;TRANSLATOR_GRAPHITE_MIST;XIRECS;9935.0;4
71900;;;TRANSLATOR_SPACE_GRAY;XIRECS;10273.0;4
71900;;;TRANSLATOR_VOID_BLUE;XIRECS;10023.0;4
74900;;;TRANSLATOR_ASTRO_BLACK;XIRECS;9982.0;1
74900;;;TRANSLATOR_ECLIPSE_CHARCOAL;XIRECS;9551.0;1
74900;;;TRANSLATOR_GRAPHITE_MIST;XIRECS;9862.0;1
74900;;;TRANSLATOR_SPACE_GRAY;XIRECS;10234.0;1
74900;;;TRANSLATOR_VOID_BLUE;XIRECS;9972.0;1
75600;;;TRANSLATOR_ASTRO_BLACK;XIRECS;10002.0;4
75600;;;TRANSLATOR_ECLIPSE_CHARCOAL;XIRECS;9569.0;4
75600;;;TRANSLATOR_GRAPHITE_MIST;XIRECS;9903.0;4
75600;;;TRANSLATOR_SPACE_GRAY;XIRECS;10241.0;4
75600;;;TRANSLATOR_VOID_BLUE;XIRECS;9949.0;4
82400;;;TRANSLATOR_ASTRO_BLACK;XIRECS;10030.0;4
82400;;;TRANSLATOR_ECLIPSE_CHARCOAL;XIRECS;9596.0;4
82400;;;TRANSLATOR_GRAPHITE_MIST;XIRECS;9919.0;4
82400;;;TRANSLATOR_SPACE_GRAY;XIRECS;10175.0;4
82400;;;TRANSLATOR_VOID_BLUE;XIRECS;10149.0;4
83300;;;TRANSLATOR_ASTRO_BLACK;XIRECS;10016.0;1
83300;;;TRANSLATOR_ECLIPSE_CHARCOAL;XIRECS;9576.0;1
83300;;;TRANSLATOR_GRAPHITE_MIST;XIRECS;9932.0;1
83300;;;TRANSLATOR_SPACE_GRAY;XIRECS;10159.0;1
83300;;;TRANSLATOR_VOID_BLUE;XIRECS;10120.0;1
90200;;;TRANSLATOR_ASTRO_BLACK;XIRECS;10013.0;4
90200;;;TRANSLATOR_ECLIPSE_CHARCOAL;XIRECS;9564.0;4
90200;;;TRANSLATOR_GRAPHITE_MIST;XIRECS;9977.0;4
90200;;;TRANSLATOR_SPACE_GRAY;XIRECS;10188.0;4
90200;;;TRANSLATOR_VOID_BLUE;XIRECS;10143.0;4
91700;;;TRANSLATOR_ASTRO_BLACK;XIRECS;9996.0;1
91700;;;TRANSLATOR_ECLIPSE_CHARCOAL;XIRECS;9605.0;1
91700;;;TRANSLATOR_GRAPHITE_MIST;XIRECS;10045.0;1
91700;;;TRANSLATOR_SPACE_GRAY;XIRECS;10158.0;1
91700;;;TRANSLATOR_VOID_BLUE;XIRECS;10155.0;1
102800;;;TRANSLATOR_ASTRO_BLACK;XIRECS;9979.0;3
102800;;;TRANSLATOR_ECLIPSE_CHARCOAL;XIRECS;9575.0;3
102800;;;TRANSLATOR_GRAPHITE_MIST;XIRECS;10141.0;3
102800;;;TRANSLATOR_SPACE_GRAY;XIRECS;9988.0;3
102800;;;TRANSLATOR_VOID_BLUE;XIRECS;10042.0;3
104000;;;TRANSLATOR_ASTRO_BLACK;XIRECS;9976.0;2
104000;;;TRANSLATOR_ECLIPSE_CHARCOAL;XIRECS;9584.0;2
104000;;;TRANSLATOR_GRAPHITE_MIST;XIRECS;10129.0;2
104000;;;TRANSLATOR_SPACE_GRAY;XIRECS;9902.0;2
104000;;;TRANSLATOR_VOID_BLUE;XIRECS;10060.0;2
104800;;;TRANSLATOR_ASTRO_BLACK;XIRECS;10055.0;3
104800;;;TRANSLATOR_ECLIPSE_CHARCOAL;XIRECS;9538.0;3
104800;;;TRANSLATOR_GRAPHITE_MIST;XIRECS;10107.0;3
104800;;;TRANSLATOR_SPACE_GRAY;XIRECS;9897.0;3
104800;;;TRANSLATOR_VOID_BLUE;XIRECS;10089.0;3
106800;;;TRANSLATOR_ASTRO_BLACK;XIRECS;10050.0;2
106800;;;TRANSLATOR_ECLIPSE_CHARCOAL;XIRECS;9585.0;2
106800;;;TRANSLATOR_GRAPHITE_MIST;XIRECS;10122.0;2
106800;;;TRANSLATOR_SPACE_GRAY;XIRECS;9846.0;2
106800;;;TRANSLATOR_VOID_BLUE;XIRECS;10058.0;2
109600;;;TRANSLATOR_ASTRO_BLACK;XIRECS;10106.0;4
109600;;;TRANSLATOR_ECLIPSE_CHARCOAL;XIRECS;9670.0;4
109600;;;TRANSLATOR_GRAPHITE_MIST;XIRECS;10058.0;4
109600;;;TRANSLATOR_SPACE_GRAY;XIRECS;9929.0;4
109600;;;TRANSLATOR_VOID_BLUE;XIRECS;9950.0;4
110700;;;TRANSLATOR_ASTRO_BLACK;XIRECS;10070.0;1
110700;;;TRANSLATOR_ECLIPSE_CHARCOAL;XIRECS;9685.0;1
110700;;;TRANSLATOR_GRAPHITE_MIST;XIRECS;10118.0;1
110700;;;TRANSLATOR_SPACE_GRAY;XIRECS;9961.0;1
110700;;;TRANSLATOR_VOID_BLUE;XIRECS;9945.0;1
113800;;;TRANSLATOR_ASTRO_BLACK;XIRECS;9956.0;3
113800;;;TRANSLATOR_ECLIPSE_CHARCOAL;XIRECS;9696.0;3
113800;;;TRANSLATOR_GRAPHITE_MIST;XIRECS;10069.0;3
113800;;;TRANSLATOR_SPACE_GRAY;XIRECS;10097.0;3
113800;;;TRANSLATOR_VOID_BLUE;XIRECS;9985.0;3
121100;;;TRANSLATOR_ASTRO_BLACK;XIRECS;9954.0;4
121100;;;TRANSLATOR_ECLIPSE_CHARCOAL;XIRECS;9761.0;4
121100;;;TRANSLATOR_GRAPHITE_MIST;XIRECS;10025.0;4
121100;;;TRANSLATOR_SPACE_GRAY;XIRECS;10074.0;4
121100;;;TRANSLATOR_VOID_BLUE;XIRECS;10001.0;4
123300;;;TRANSLATOR_ASTRO_BLACK;XIRECS;10017.0;2
123300;;;TRANSLATOR_ECLIPSE_CHARCOAL;XIRECS;9785.0;2
123300;;;TRANSLATOR_GRAPHITE_MIST;XIRECS;9937.0;2
123300;;;TRANSLATOR_SPACE_GRAY;XIRECS;10106.0;2
123300;;;TRANSLATOR_VOID_BLUE;XIRECS;9957.0;2
126600;;;TRANSLATOR_ASTRO_BLACK;XIRECS;10035.0;1
126600;;;TRANSLATOR_ECLIPSE_CHARCOAL;XIRECS;9743.0;1
126600;;;TRANSLATOR_GRAPHITE_MIST;XIRECS;9884.0;1
126600;;;TRANSLATOR_SPACE_GRAY;XIRECS;10079.0;1
126600;;;TRANSLATOR_VOID_BLUE;XIRECS;10012.0;1
127200;;;TRANSLATOR_ASTRO_BLACK;XIRECS;10071.0;1
127200;;;TRANSLATOR_ECLIPSE_CHARCOAL;XIRECS;9725.0;1
127200;;;TRANSLATOR_GRAPHITE_MIST;XIRECS;9904.0;1
127200;;;TRANSLATOR_SPACE_GRAY;XIRECS;10096.0;1
127200;;;TRANSLATOR_VOID_BLUE;XIRECS;10028.0;1
127500;;;TRANSLATOR_ASTRO_BLACK;XIRECS;10076.0;3
127500;;;TRANSLATOR_ECLIPSE_CHARCOAL;XIRECS;9717.0;3
127500;;;TRANSLATOR_GRAPHITE_MIST;XIRECS;9915.0;3
127500;;;TRANSLATOR_SPACE_GRAY;XIRECS;10124.0;3
127500;;;TRANSLATOR_VOID_BLUE;XIRECS;10035.0;3
132000;;;TRANSLATOR_ASTRO_BLACK;XIRECS;10041.0;4
132000;;;TRANSLATOR_ECLIPSE_CHARCOAL;XIRECS;9785.0;4
132000;;;TRANSLATOR_GRAPHITE_MIST;XIRECS;9811.0;4
132000;;;TRANSLATOR_SPACE_GRAY;XIRECS;10132.0;4
132000;;;TRANSLATOR_VOID_BLUE;XIRECS;9977.0;4
133300;;;TRANSLATOR_ASTRO_BLACK;XIRECS;10036.0;2
133300;;;TRANSLATOR_ECLIPSE_CHARCOAL;XIRECS;9872.0;2
133300;;;TRANSLATOR_GRAPHITE_MIST;XIRECS;9792.0;2
133300;;;TRANSLATOR_SPACE_GRAY;XIRECS;10134.0;2
133300;;;TRANSLATOR_VOID_BLUE;XIRECS;9990.0;2
134800;;;TRANSLATOR_ASTRO_BLACK;XIRECS;9998.0;3
134800;;;TRANSLATOR_ECLIPSE_CHARCOAL;XIRECS;9819.0;3
134800;;;TRANSLATOR_GRAPHITE_MIST;XIRECS;9770.0;3
134800;;;TRANSLATOR_SPACE_GRAY;XIRECS;10113.0;3
134800;;;TRANSLATOR_VOID_BLUE;XIRECS;10013.0;3
137500;;;TRANSLATOR_ASTRO_BLACK;XIRECS;9939.0;1
137500;;;TRANSLATOR_ECLIPSE_CHARCOAL;XIRECS;9778.0;1
137500;;;TRANSLATOR_GRAPHITE_MIST;XIRECS;9888.0;1
137500;;;TRANSLATOR_SPACE_GRAY;XIRECS;10044.0;1
137500;;;TRANSLATOR_VOID_BLUE;XIRECS;9964.0;1
138900;;;TRANSLATOR_ASTRO_BLACK;XIRECS;9940.0;1
138900;;;TRANSLATOR_ECLIPSE_CHARCOAL;XIRECS;9709.0;1
138900;;;TRANSLATOR_GRAPHITE_MIST;XIRECS;9803.0;1
138900;;;TRANSLATOR_SPACE_GRAY;XIRECS;9962.0;1
138900;;;TRANSLATOR_VOID_BLUE;XIRECS;10030.0;1
152400;;;TRANSLATOR_ASTRO_BLACK;XIRECS;9888.0;4
152400;;;TRANSLATOR_ECLIPSE_CHARCOAL;XIRECS;9839.0;4
152400;;;TRANSLATOR_GRAPHITE_MIST;XIRECS;9941.0;4
152400;;;TRANSLATOR_SPACE_GRAY;XIRECS;10059.0;4
152400;;;TRANSLATOR_VOID_BLUE;XIRECS;10022.0;4
172500;;;TRANSLATOR_ASTRO_BLACK;XIRECS;10138.0;2
172500;;;TRANSLATOR_ECLIPSE_CHARCOAL;XIRECS;9669.0;2
172500;;;TRANSLATOR_GRAPHITE_MIST;XIRECS;10090.0;2
172500;;;TRANSLATOR_SPACE_GRAY;XIRECS;10005.0;2
172500;;;TRANSLATOR_VOID_BLUE;XIRECS;9887.0;2
173400;;;TRANSLATOR_ASTRO_BLACK;XIRECS;10123.0;2
173400;;;TRANSLATOR_ECLIPSE_CHARCOAL;XIRECS;9665.0;2
173400;;;TRANSLATOR_GRAPHITE_MIST;XIRECS;10126.0;2
173400;;;TRANSLATOR_SPACE_GRAY;XIRECS;10031.0;2
173400;;;TRANSLATOR_VOID_BLUE;XIRECS;9871.0;2
177700;;;TRANSLATOR_ASTRO_BLACK;XIRECS;10098.0;2
177700;;;TRANSLATOR_ECLIPSE_CHARCOAL;XIRECS;9704.0;2
177700;;;TRANSLATOR_GRAPHITE_MIST;XIRECS;10050.0;2
177700;;;TRANSLATOR_SPACE_GRAY;XIRECS;10001.0;2
177700;;;TRANSLATOR_VOID_BLUE;XIRECS;9857.0;2
187800;;;TRANSLATOR_ASTRO_BLACK;XIRECS;10019.0;1
187800;;;TRANSLATOR_ECLIPSE_CHARCOAL;XIRECS;9694.0;1
187800;;;TRANSLATOR_GRAPHITE_MIST;XIRECS;10191.0;1
187800;;;TRANSLATOR_SPACE_GRAY;XIRECS;9929.0;1
187800;;;TRANSLATOR_VOID_BLUE;XIRECS;9927.0;1
189100;;;TRANSLATOR_ASTRO_BLACK;XIRECS;10007.0;2
189100;;;TRANSLATOR_ECLIPSE_CHARCOAL;XIRECS;9665.0;2
189100;;;TRANSLATOR_GRAPHITE_MIST;XIRECS;10244.0;2
189100;;;TRANSLATOR_SPACE_GRAY;XIRECS;9963.0;2
189100;;;TRANSLATOR_VOID_BLUE;XIRECS;9913.0;2
189700;;;TRANSLATOR_ASTRO_BLACK;XIRECS;9981.0;1
189700;;;TRANSLATOR_ECLIPSE_CHARCOAL;XIRECS;9665.0;1
189700;;;TRANSLATOR_GRAPHITE_MIST;XIRECS;10183.0;1
189700;;;TRANSLATOR_SPACE_GRAY;XIRECS;9952.0;1
189700;;;TRANSLATOR_VOID_BLUE;XIRECS;9885.0;1
194400;;;TRANSLATOR_ASTRO_BLACK;XIRECS;10000.0;1
194400;;;TRANSLATOR_ECLIPSE_CHARCOAL;XIRECS;9607.0;1
194400;;;TRANSLATOR_GRAPHITE_MIST;XIRECS;10105.0;1
194400;;;TRANSLATOR_SPACE_GRAY;XIRECS;9955.0;1
194400;;;TRANSLATOR_VOID_BLUE;XIRECS;9747.0;1
198500;;;TRANSLATOR_ASTRO_BLACK;XIRECS;9983.0;3
198500;;;TRANSLATOR_ECLIPSE_CHARCOAL;XIRECS;9545.0;3
198500;;;TRANSLATOR_GRAPHITE_MIST;XIRECS;10144.0;3
198500;;;TRANSLATOR_SPACE_GRAY;XIRECS;9942.0;3
198500;;;TRANSLATOR_VOID_BLUE;XIRECS;9780.0;3
200100;;;TRANSLATOR_ASTRO_BLACK;XIRECS;9977.0;3
200100;;;TRANSLATOR_ECLIPSE_CHARCOAL;XIRECS;9533.0;3
200100;;;TRANSLATOR_GRAPHITE_MIST;XIRECS;10166.0;3
200100;;;TRANSLATOR_SPACE_GRAY;XIRECS;9934.0;3
200100;;;TRANSLATOR_VOID_BLUE;XIRECS;9817.0;3
201400;;;TRANSLATOR_ASTRO_BLACK;XIRECS;9963.0;1
201400;;;TRANSLATOR_ECLIPSE_CHARCOAL;XIRECS;9458.0;1
201400;;;TRANSLATOR_GRAPHITE_MIST;XIRECS;10215.0;1
201400;;;TRANSLATOR_SPACE_GRAY;XIRECS;9868.0;1
201400;;;TRANSLATOR_VOID_BLUE;XIRECS;9805.0;1
206200;;;TRANSLATOR_ASTRO_BLACK;XIRECS;10069.0;3
206200;;;TRANSLATOR_ECLIPSE_CHARCOAL;XIRECS;9440.0;3
206200;;;TRANSLATOR_GRAPHITE_MIST;XIRECS;10272.0;3
206200;;;TRANSLATOR_SPACE_GRAY;XIRECS;9866.0;3
206200;;;TRANSLATOR_VOID_BLUE;XIRECS;9772.0;3
214600;;;TRANSLATOR_ASTRO_BLACK;XIRECS;10038.0;1
214600;;;TRANSLATOR_ECLIPSE_CHARCOAL;XIRECS;9321.0;1
214600;;;TRANSLATOR_GRAPHITE_MIST;XIRECS;10262.0;1
214600;;;TRANSLATOR_SPACE_GRAY;XIRECS;10029.0;1
214600;;;TRANSLATOR_VOID_BLUE;XIRECS;9831.0;1
219100;;;TRANSLATOR_ASTRO_BLACK;XIRECS;10079.0;2
219100;;;TRANSLATOR_ECLIPSE_CHARCOAL;XIRECS;9316.0;2
219100;;;TRANSLATOR_GRAPHITE_MIST;XIRECS;10102.0;2
219100;;;TRANSLATOR_SPACE_GRAY;XIRECS;10017.0;2
219100;;;TRANSLATOR_VOID_BLUE;XIRECS;9865.0;2
231700;;;TRANSLATOR_ASTRO_BLACK;XIRECS;10009.0;2
231700;;;TRANSLATOR_ECLIPSE_CHARCOAL;XIRECS;9141.0;2
231700;;;TRANSLATOR_GRAPHITE_MIST;XIRECS;10008.0;2
231700;;;TRANSLATOR_SPACE_GRAY;XIRECS;10113.0;2
231700;;;TRANSLATOR_VOID_BLUE;XIRECS;9852.0;2
231900;;;TRANSLATOR_ASTRO_BLACK;XIRECS;10035.0;3
231900;;;TRANSLATOR_ECLIPSE_CHARCOAL;XIRECS;9164.0;3
231900;;;TRANSLATOR_GRAPHITE_MIST;XIRECS;10004.0;3
231900;;;TRANSLATOR_SPACE_GRAY;XIRECS;10120.0;3
231900;;;TRANSLATOR_VOID_BLUE;XIRECS;9849.0;3
232200;;;TRANSLATOR_ASTRO_BLACK;XIRECS;10014.0;4
232200;;;TRANSLATOR_ECLIPSE_CHARCOAL;XIRECS;9161.0;4
232200;;;TRANSLATOR_GRAPHITE_MIST;XIRECS;9982.0;4
232200;;;TRANSLATOR_SPACE_GRAY;XIRECS;10108.0;4
232200;;;TRANSLATOR_VOID_BLUE;XIRECS;9849.0;4
245300;;;TRANSLATOR_ASTRO_BLACK;XIRECS;9996.0;3
245300;;;TRANSLATOR_ECLIPSE_CHARCOAL;XIRECS;9335.0;3
245300;;;TRANSLATOR_GRAPHITE_MIST;XIRECS;9969.0;3
245300;;;TRANSLATOR_SPACE_GRAY;XIRECS;10093.0;3
245300;;;TRANSLATOR_VOID_BLUE;XIRECS;9841.0;3
247900;;;TRANSLATOR_ASTRO_BLACK;XIRECS;10086.0;2
247900;;;TRANSLATOR_ECLIPSE_CHARCOAL;XIRECS;9332.0;2
247900;;;TRANSLATOR_GRAPHITE_MIST;XIRECS;9955.0;2
247900;;;TRANSLATOR_SPACE_GRAY;XIRECS;10173.0;2
247900;;;TRANSLATOR_VOID_BLUE;XIRECS;9915.0;2
249700;;;TRANSLATOR_ASTRO_BLACK;XIRECS;10048.0;3
249700;;;TRANSLATOR_ECLIPSE_CHARCOAL;XIRECS;9280.0;3
249700;;;TRANSLATOR_GRAPHITE_MIST;XIRECS;9946.0;3
249700;;;TRANSLATOR_SPACE_GRAY;XIRECS;10100.0;3
249700;;;TRANSLATOR_VOID_BLUE;XIRECS;9844.0;3
250300;;;TRANSLATOR_ASTRO_BLACK;XIRECS;10062.0;1
250300;;;TRANSLATOR_ECLIPSE_CHARCOAL;XIRECS;9276.0;1
250300;;;TRANSLATOR_GRAPHITE_MIST;XIRECS;9949.0;1
250300;;;TRANSLATOR_SPACE_GRAY;XIRECS;10096.0;1
250300;;;TRANSLATOR_VOID_BLUE;XIRECS;9824.0;1
260000;;;TRANSLATOR_ASTRO_BLACK;XIRECS;10009.0;2
260000;;;TRANSLATOR_ECLIPSE_CHARCOAL;XIRECS;9224.0;2
260000;;;TRANSLATOR_GRAPHITE_MIST;XIRECS;9896.0;2
260000;;;TRANSLATOR_SPACE_GRAY;XIRECS;10074.0;2
260000;;;TRANSLATOR_VOID_BLUE;XIRECS;9878.0;2
262700;;;TRANSLATOR_ASTRO_BLACK;XIRECS;9983.0;3
262700;;;TRANSLATOR_ECLIPSE_CHARCOAL;XIRECS;9195.0;3
262700;;;TRANSLATOR_GRAPHITE_MIST;XIRECS;9855.0;3
262700;;;TRANSLATOR_SPACE_GRAY;XIRECS;10148.0;3
262700;;;TRANSLATOR_VOID_BLUE;XIRECS;9891.0;3
265200;;;TRANSLATOR_ASTRO_BLACK;XIRECS;9881.0;3
265200;;;TRANSLATOR_ECLIPSE_CHARCOAL;XIRECS;9188.0;3
265200;;;TRANSLATOR_GRAPHITE_MIST;XIRECS;9802.0;3
265200;;;TRANSLATOR_SPACE_GRAY;XIRECS;10069.0;3
265200;;;TRANSLATOR_VOID_BLUE;XIRECS;9909.0;3
275400;;;TRANSLATOR_ASTRO_BLACK;XIRECS;9869.0;1
275400;;;TRANSLATOR_ECLIPSE_CHARCOAL;XIRECS;9173.0;1
275400;;;TRANSLATOR_GRAPHITE_MIST;XIRECS;9869.0;1
275400;;;TRANSLATOR_SPACE_GRAY;XIRECS;10027.0;1
275400;;;TRANSLATOR_VOID_BLUE;XIRECS;9767.0;1
276200;;;TRANSLATOR_ASTRO_BLACK;XIRECS;9879.0;3
276200;;;TRANSLATOR_ECLIPSE_CHARCOAL;XIRECS;9166.0;3
276200;;;TRANSLATOR_GRAPHITE_MIST;XIRECS;9926.0;3
276200;;;TRANSLATOR_SPACE_GRAY;XIRECS;10032.0;3
276200;;;TRANSLATOR_VOID_BLUE;XIRECS;9741.0;3
283600;;;TRANSLATOR_ASTRO_BLACK;XIRECS;9784.0;3
283600;;;TRANSLATOR_ECLIPSE_CHARCOAL;XIRECS;9175.0;3
283600;;;TRANSLATOR_GRAPHITE_MIST;XIRECS;9866.0;3
283600;;;TRANSLATOR_SPACE_GRAY;XIRECS;10031.0;3
283600;;;TRANSLATOR_VOID_BLUE;XIRECS;9700.0;3
286100;;;TRANSLATOR_ASTRO_BLACK;XIRECS;9724.0;1
286100;;;TRANSLATOR_ECLIPSE_CHARCOAL;XIRECS;9231.0;1
286100;;;TRANSLATOR_GRAPHITE_MIST;XIRECS;9821.0;1
286100;;;TRANSLATOR_SPACE_GRAY;XIRECS;10001.0;1
286100;;;TRANSLATOR_VOID_BLUE;XIRECS;9701.0;1
287200;;;TRANSLATOR_ASTRO_BLACK;XIRECS;9679.0;2
287200;;;TRANSLATOR_ECLIPSE_CHARCOAL;XIRECS;9214.0;2
287200;;;TRANSLATOR_GRAPHITE_MIST;XIRECS;9807.0;2
287200;;;TRANSLATOR_SPACE_GRAY;XIRECS;10016.0;2
287200;;;TRANSLATOR_VOID_BLUE;XIRECS;9741.0;2
287400;;;TRANSLATOR_ASTRO_BLACK;XIRECS;9698.0;2
287400;;;TRANSLATOR_ECLIPSE_CHARCOAL;XIRECS;9196.0;2
287400;;;TRANSLATOR_GRAPHITE_MIST;XIRECS;9807.0;2
287400;;;TRANSLATOR_SPACE_GRAY;XIRECS;10019.0;2
287400;;;TRANSLATOR_VOID_BLUE;XIRECS;9732.0;2
290600;;;TRANSLATOR_ASTRO_BLACK;XIRECS;9697.0;2
290600;;;TRANSLATOR_ECLIPSE_CHARCOAL;XIRECS;9159.0;2
290600;;;TRANSLATOR_GRAPHITE_MIST;XIRECS;9741.0;2
290600;;;TRANSLATOR_SPACE_GRAY;XIRECS;9962.0;2
290600;;;TRANSLATOR_VOID_BLUE;XIRECS;9661.0;2
292500;;;TRANSLATOR_ASTRO_BLACK;XIRECS;9719.0;1
292500;;;TRANSLATOR_ECLIPSE_CHARCOAL;XIRECS;9110.0;1
292500;;;TRANSLATOR_GRAPHITE_MIST;XIRECS;9621.0;1
292500;;;TRANSLATOR_SPACE_GRAY;XIRECS;9904.0;1
292500;;;TRANSLATOR_VOID_BLUE;XIRECS;9655.0;1
296200;;;TRANSLATOR_ASTRO_BLACK;XIRECS;9752.0;3
296200;;;TRANSLATOR_ECLIPSE_CHARCOAL;XIRECS;9128.0;3
296200;;;TRANSLATOR_GRAPHITE_MIST;XIRECS;9685.0;3
296200;;;TRANSLATOR_SPACE_GRAY;XIRECS;9906.0;3
296200;;;TRANSLATOR_VOID_BLUE;XIRECS;9692.0;3
297100;;;TRANSLATOR_ASTRO_BLACK;XIRECS;9746.0;4
297100;;;TRANSLATOR_ECLIPSE_CHARCOAL;XIRECS;9148.0;4
297100;;;TRANSLATOR_GRAPHITE_MIST;XIRECS;9688.0;4
297100;;;TRANSLATOR_SPACE_GRAY;XIRECS;9919.0;4
297100;;;TRANSLATOR_VOID_BLUE;XIRECS;9687.0;4
298100;;;TRANSLATOR_ASTRO_BLACK;XIRECS;9803.0;3
298100;;;TRANSLATOR_ECLIPSE_CHARCOAL;XIRECS;9169.0;3
298100;;;TRANSLATOR_GRAPHITE_MIST;XIRECS;9644.0;3
298100;;;TRANSLATOR_SPACE_GRAY;XIRECS;9974.0;3
298100;;;TRANSLATOR_VOID_BLUE;XIRECS;9655.0;3
298500;;;TRANSLATOR_ASTRO_BLACK;XIRECS;9830.0;3
298500;;;TRANSLATOR_ECLIPSE_CHARCOAL;XIRECS;9160.0;3
298500;;;TRANSLATOR_GRAPHITE_MIST;XIRECS;9629.0;3
298500;;;TRANSLATOR_SPACE_GRAY;XIRECS;9954.0;3
298500;;;TRANSLATOR_VOID_BLUE;XIRECS;9677.0;3
305800;;;TRANSLATOR_ASTRO_BLACK;XIRECS;9870.0;3
305800;;;TRANSLATOR_ECLIPSE_CHARCOAL;XIRECS;9085.0;3
305800;;;TRANSLATOR_GRAPHITE_MIST;XIRECS;9756.0;3
305800;;;TRANSLATOR_SPACE_GRAY;XIRECS;9866.0;3
305800;;;TRANSLATOR_VOID_BLUE;XIRECS;9800.0;3
313500;;;TRANSLATOR_ASTRO_BLACK;XIRECS;9860.0;2
313500;;;TRANSLATOR_ECLIPSE_CHARCOAL;XIRECS;9044.0;2
313500;;;TRANSLATOR_GRAPHITE_MIST;XIRECS;9769.0;2
313500;;;TRANSLATOR_SPACE_GRAY;XIRECS;9915.0;2
313500;;;TRANSLATOR_VOID_BLUE;XIRECS;9788.0;2
314900;;;TRANSLATOR_ASTRO_BLACK;XIRECS;9838.0;3
314900;;;TRANSLATOR_ECLIPSE_CHARCOAL;XIRECS;9059.0;3
314900;;;TRANSLATOR_GRAPHITE_MIST;XIRECS;9769.0;3
314900;;;TRANSLATOR_SPACE_GRAY;XIRECS;9981.0;3
314900;;;TRANSLATOR_VOID_BLUE;XIRECS;9822.0;3
317000;;;TRANSLATOR_ASTRO_BLACK;XIRECS;9876.0;3
317000;;;TRANSLATOR_ECLIPSE_CHARCOAL;XIRECS;9042.0;3
317000;;;TRANSLATOR_GRAPHITE_MIST;XIRECS;9785.0;3
317000;;;TRANSLATOR_SPACE_GRAY;XIRECS;9937.0;3
317000;;;TRANSLATOR_VOID_BLUE;XIRECS;9795.0;3
317600;;;TRANSLATOR_ASTRO_BLACK;XIRECS;9879.0;1
317600;;;TRANSLATOR_ECLIPSE_CHARCOAL;XIRECS;9012.0;1
317600;;;TRANSLATOR_GRAPHITE_MIST;XIRECS;9782.0;1
317600;;;TRANSLATOR_SPACE_GRAY;XIRECS;9930.0;1
317600;;;TRANSLATOR_VOID_BLUE;XIRECS;9809.0;1
322400;;;TRANSLATOR_ASTRO_BLACK;XIRECS;9934.0;1
322400;;;TRANSLATOR_ECLIPSE_CHARCOAL;XIRECS;9140.0;1
322400;;;TRANSLATOR_GRAPHITE_MIST;XIRECS;9872.0;1
322400;;;TRANSLATOR_SPACE_GRAY;XIRECS;9990.0;1
322400;;;TRANSLATOR_VOID_BLUE;XIRECS;9803.0;1
326500;;;TRANSLATOR_ASTRO_BLACK;XIRECS;10043.0;2
326500;;;TRANSLATOR_ECLIPSE_CHARCOAL;XIRECS;9124.0;2
326500;;;TRANSLATOR_GRAPHITE_MIST;XIRECS;9916.0;2
326500;;;TRANSLATOR_SPACE_GRAY;XIRECS;10001.0;2
326500;;;TRANSLATOR_VOID_BLUE;XIRECS;9861.0;2
332600;;;TRANSLATOR_ASTRO_BLACK;XIRECS;10057.0;4
332600;;;TRANSLATOR_ECLIPSE_CHARCOAL;XIRECS;9112.0;4
332600;;;TRANSLATOR_GRAPHITE_MIST;XIRECS;9803.0;4
332600;;;TRANSLATOR_SPACE_GRAY;XIRECS;10081.0;4
332600;;;TRANSLATOR_VOID_BLUE;XIRECS;9890.0;4
333600;;;TRANSLATOR_ASTRO_BLACK;XIRECS;10081.0;4
333600;;;TRANSLATOR_ECLIPSE_CHARCOAL;XIRECS;9077.0;4
333600;;;TRANSLATOR_GRAPHITE_MIST;XIRECS;9817.0;4
333600;;;TRANSLATOR_SPACE_GRAY;XIRECS;10021.0;4
333600;;;TRANSLATOR_VOID_BLUE;XIRECS;9938.0;4
334800;;;TRANSLATOR_ASTRO_BLACK;XIRECS;10042.0;2
334800;;;TRANSLATOR_ECLIPSE_CHARCOAL;XIRECS;9037.0;2
334800;;;TRANSLATOR_GRAPHITE_MIST;XIRECS;9840.0;2
334800;;;TRANSLATOR_SPACE_GRAY;XIRECS;9996.0;2
334800;;;TRANSLATOR_VOID_BLUE;XIRECS;9936.0;2
338000;;;TRANSLATOR_ASTRO_BLACK;XIRECS;10100.0;3
338000;;;TRANSLATOR_ECLIPSE_CHARCOAL;XIRECS;9086.0;3
338000;;;TRANSLATOR_GRAPHITE_MIST;XIRECS;9864.0;3
338000;;;TRANSLATOR_SPACE_GRAY;XIRECS;10086.0;3
338000;;;TRANSLATOR_VOID_BLUE;XIRECS;9980.0;3
339500;;;TRANSLATOR_ASTRO_BLACK;XIRECS;10058.0;4
339500;;;TRANSLATOR_ECLIPSE_CHARCOAL;XIRECS;9103.0;4
339500;;;TRANSLATOR_GRAPHITE_MIST;XIRECS;9842.0;4
339500;;;TRANSLATOR_SPACE_GRAY;XIRECS;10079.0;4
339500;;;TRANSLATOR_VOID_BLUE;XIRECS;9942.0;4
344700;;;TRANSLATOR_ASTRO_BLACK;XIRECS;9976.0;3
344700;;;TRANSLATOR_ECLIPSE_CHARCOAL;XIRECS;9162.0;3
344700;;;TRANSLATOR_GRAPHITE_MIST;XIRECS;9780.0;3
344700;;;TRANSLATOR_SPACE_GRAY;XIRECS;10039.0;3
344700;;;TRANSLATOR_VOID_BLUE;XIRECS;9996.0;3
347700;;;TRANSLATOR_ASTRO_BLACK;XIRECS;9981.0;1
347700;;;TRANSLATOR_ECLIPSE_CHARCOAL;XIRECS;9150.0;1
347700;;;TRANSLATOR_GRAPHITE_MIST;XIRECS;9755.0;1
347700;;;TRANSLATOR_SPACE_GRAY;XIRECS;10117.0;1
347700;;;TRANSLATOR_VOID_BLUE;XIRECS;10077.0;1
349700;;;TRANSLATOR_ASTRO_BLACK;XIRECS;9952.0;3
349700;;;TRANSLATOR_ECLIPSE_CHARCOAL;XIRECS;9062.0;3
349700;;;TRANSLATOR_GRAPHITE_MIST;XIRECS;9843.0;3
349700;;;TRANSLATOR_SPACE_GRAY;XIRECS;10023.0;3
349700;;;TRANSLATOR_VOID_BLUE;XIRECS;10124.0;3
351100;;;TRANSLATOR_ASTRO_BLACK;XIRECS;10009.0;3
351100;;;TRANSLATOR_ECLIPSE_CHARCOAL;XIRECS;9118.0;3
351100;;;TRANSLATOR_GRAPHITE_MIST;XIRECS;9813.0;3
351100;;;TRANSLATOR_SPACE_GRAY;XIRECS;9978.0;3
351100;;;TRANSLATOR_VOID_BLUE;XIRECS;10074.0;3
361600;;;TRANSLATOR_ASTRO_BLACK;XIRECS;9968.0;3
361600;;;TRANSLATOR_ECLIPSE_CHARCOAL;XIRECS;9173.0;3
361600;;;TRANSLATOR_GRAPHITE_MIST;XIRECS;9788.0;3
361600;;;TRANSLATOR_SPACE_GRAY;XIRECS;9766.0;3
361600;;;TRANSLATOR_VOID_BLUE;XIRECS;10172.0;3
363200;;;TRANSLATOR_ASTRO_BLACK;XIRECS;9998.0;2
363200;;;TRANSLATOR_ECLIPSE_CHARCOAL;XIRECS;9199.0;2
363200;;;TRANSLATOR_GRAPHITE_MIST;XIRECS;9753.0;2
363200;;;TRANSLATOR_SPACE_GRAY;XIRECS;9765.0;2
363200;;;TRANSLATOR_VOID_BLUE;XIRECS;10184.0;2
363600;;;TRANSLATOR_ASTRO_BLACK;XIRECS;10028.0;3
363600;;;TRANSLATOR_ECLIPSE_CHARCOAL;XIRECS;9172.0;3
363600;;;TRANSLATOR_GRAPHITE_MIST;XIRECS;9779.0;3
363600;;;TRANSLATOR_SPACE_GRAY;XIRECS;9768.0;3
363600;;;TRANSLATOR_VOID_BLUE;XIRECS;10172.0;3
364700;;;TRANSLATOR_ASTRO_BLACK;XIRECS;10001.0;3
364700;;;TRANSLATOR_ECLIPSE_CHARCOAL;XIRECS;9192.0;3
364700;;;TRANSLATOR_GRAPHITE_MIST;XIRECS;9709.0;3
364700;;;TRANSLATOR_SPACE_GRAY;XIRECS;9802.0;3
364700;;;TRANSLATOR_VOID_BLUE;XIRECS;10069.0;3
365800;;;TRANSLATOR_ASTRO_BLACK;XIRECS;10023.0;4
365800;;;TRANSLATOR_ECLIPSE_CHARCOAL;XIRECS;9195.0;4
365800;;;TRANSLATOR_GRAPHITE_MIST;XIRECS;9661.0;4
365800;;;TRANSLATOR_SPACE_GRAY;XIRECS;9815.0;4
365800;;;TRANSLATOR_VOID_BLUE;XIRECS;10122.0;4
370100;;;TRANSLATOR_ASTRO_BLACK;XIRECS;10001.0;2
370100;;;TRANSLATOR_ECLIPSE_CHARCOAL;XIRECS;9236.0;2
370100;;;TRANSLATOR_GRAPHITE_MIST;XIRECS;9650.0;2
370100;;;TRANSLATOR_SPACE_GRAY;XIRECS;9715.0;2
370100;;;TRANSLATOR_VOID_BLUE;XIRECS;10024.0;2
381600;;;TRANSLATOR_ASTRO_BLACK;XIRECS;9977.0;4
381600;;;TRANSLATOR_ECLIPSE_CHARCOAL;XIRECS;9232.0;4
381600;;;TRANSLATOR_GRAPHITE_MIST;XIRECS;9881.0;4
381600;;;TRANSLATOR_SPACE_GRAY;XIRECS;9751.0;4
381600;;;TRANSLATOR_VOID_BLUE;XIRECS;10039.0;4
387000;;;TRANSLATOR_ASTRO_BLACK;XIRECS;10029.0;2
387000;;;TRANSLATOR_ECLIPSE_CHARCOAL;XIRECS;9262.0;2
387000;;;TRANSLATOR_GRAPHITE_MIST;XIRECS;9872.0;2
387000;;;TRANSLATOR_SPACE_GRAY;XIRECS;9774.0;2
387000;;;TRANSLATOR_VOID_BLUE;XIRECS;10101.0;2
390100;;;TRANSLATOR_ASTRO_BLACK;XIRECS;9969.0;3
390100;;;TRANSLATOR_ECLIPSE_CHARCOAL;XIRECS;9319.0;3
390100;;;TRANSLATOR_GRAPHITE_MIST;XIRECS;9847.0;3
390100;;;TRANSLATOR_SPACE_GRAY;XIRECS;9811.0;3
390100;;;TRANSLATOR_VOID_BLUE;XIRECS;10022.0;3
392200;;;TRANSLATOR_ASTRO_BLACK;XIRECS;9958.0;3
392200;;;TRANSLATOR_ECLIPSE_CHARCOAL;XIRECS;9199.0;3
392200;;;TRANSLATOR_GRAPHITE_MIST;XIRECS;9909.0;3
392200;;;TRANSLATOR_SPACE_GRAY;XIRECS;9782.0;3
392200;;;TRANSLATOR_VOID_BLUE;XIRECS;9973.0;3
393600;;;TRANSLATOR_ASTRO_BLACK;XIRECS;9904.0;2
393600;;;TRANSLATOR_ECLIPSE_CHARCOAL;XIRECS;9241.0;2
393600;;;TRANSLATOR_GRAPHITE_MIST;XIRECS;9876.0;2
393600;;;TRANSLATOR_SPACE_GRAY;XIRECS;9816.0;2
393600;;;TRANSLATOR_VOID_BLUE;XIRECS;10009.0;2
400100;;;TRANSLATOR_ASTRO_BLACK;XIRECS;9971.0;4
400100;;;TRANSLATOR_ECLIPSE_CHARCOAL;XIRECS;9174.0;4
400100;;;TRANSLATOR_GRAPHITE_MIST;XIRECS;9866.0;4
400100;;;TRANSLATOR_SPACE_GRAY;XIRECS;9840.0;4
400100;;;TRANSLATOR_VOID_BLUE;XIRECS;9910.0;4
408800;;;TRANSLATOR_ASTRO_BLACK;XIRECS;9911.0;4
408800;;;TRANSLATOR_ECLIPSE_CHARCOAL;XIRECS;9230.0;4
408800;;;TRANSLATOR_GRAPHITE_MIST;XIRECS;9972.0;4
408800;;;TRANSLATOR_SPACE_GRAY;XIRECS;9769.0;4
408800;;;TRANSLATOR_VOID_BLUE;XIRECS;9916.0;4
411900;;;TRANSLATOR_ASTRO_BLACK;XIRECS;9882.0;2
411900;;;TRANSLATOR_ECLIPSE_CHARCOAL;XIRECS;9159.0;2
411900;;;TRANSLATOR_GRAPHITE_MIST;XIRECS;9847.0;2
411900;;;TRANSLATOR_SPACE_GRAY;XIRECS;9764.0;2
411900;;;TRANSLATOR_VOID_BLUE;XIRECS;9864.0;2
414100;;;TRANSLATOR_ASTRO_BLACK;XIRECS;9904.0;1
414100;;;TRANSLATOR_ECLIPSE_CHARCOAL;XIRECS;9168.0;1
414100;;;TRANSLATOR_GRAPHITE_MIST;XIRECS;9909.0;1
414100;;;TRANSLATOR_SPACE_GRAY;XIRECS;9741.0;1
414100;;;TRANSLATOR_VOID_BLUE;XIRECS;9841.0;1
415800;;;TRANSLATOR_ASTRO_BLACK;XIRECS;9938.0;3
415800;;;TRANSLATOR_ECLIPSE_CHARCOAL;XIRECS;9187.0;3
415800;;;TRANSLATOR_GRAPHITE_MIST;XIRECS;9957.0;3
415800;;;TRANSLATOR_SPACE_GRAY;XIRECS;9690.0;3
415800;;;TRANSLATOR_VOID_BLUE;XIRECS;9799.0;3
417200;;;TRANSLATOR_ASTRO_BLACK;XIRECS;9888.0;3
417200;;;TRANSLATOR_ECLIPSE_CHARCOAL;XIRECS;9201.0;3
417200;;;TRANSLATOR_GRAPHITE_MIST;XIRECS;9972.0;3
417200;;;TRANSLATOR_SPACE_GRAY;XIRECS;9726.0;3
417200;;;TRANSLATOR_VOID_BLUE;XIRECS;9806.0;3
427400;;;TRANSLATOR_ASTRO_BLACK;XIRECS;10001.0;4
427400;;;TRANSLATOR_ECLIPSE_CHARCOAL;XIRECS;9150.0;4
427400;;;TRANSLATOR_GRAPHITE_MIST;XIRECS;9869.0;4
427400;;;TRANSLATOR_SPACE_GRAY;XIRECS;9574.0;4
427400;;;TRANSLATOR_VOID_BLUE;XIRECS;9696.0;4
445100;;;TRANSLATOR_ASTRO_BLACK;XIRECS;10088.0;1
445100;;;TRANSLATOR_ECLIPSE_CHARCOAL;XIRECS;9209.0;1
445100;;;TRANSLATOR_GRAPHITE_MIST;XIRECS;9787.0;1
445100;;;TRANSLATOR_SPACE_GRAY;XIRECS;9529.0;1
445100;;;TRANSLATOR_VOID_BLUE;XIRECS;9703.0;1
446000;;;TRANSLATOR_ASTRO_BLACK;XIRECS;10093.0;1
446000;;;TRANSLATOR_ECLIPSE_CHARCOAL;XIRECS;9204.0;1
446000;;;TRANSLATOR_GRAPHITE_MIST;XIRECS;9833.0;1
446000;;;TRANSLATOR_SPACE_GRAY;XIRECS;9528.0;1
446000;;;TRANSLATOR_VOID_BLUE;XIRECS;9719.0;1
450500;;;TRANSLATOR_ASTRO_BLACK;XIRECS;10016.0;2
450500;;;TRANSLATOR_ECLIPSE_CHARCOAL;XIRECS;9263.0;2
450500;;;TRANSLATOR_GRAPHITE_MIST;XIRECS;9933.0;2
450500;;;TRANSLATOR_SPACE_GRAY;XIRECS;9533.0;2
450500;;;TRANSLATOR_VOID_BLUE;XIRECS;9794.0;2
451100;;;TRANSLATOR_ASTRO_BLACK;XIRECS;9967.0;1
451100;;;TRANSLATOR_ECLIPSE_CHARCOAL;XIRECS;9260.0;1
451100;;;TRANSLATOR_GRAPHITE_MIST;XIRECS;9896.0;1
451100;;;TRANSLATOR_SPACE_GRAY;XIRECS;9537.0;1
451100;;;TRANSLATOR_VOID_BLUE;XIRECS;9801.0;1
453800;;;TRANSLATOR_ASTRO_BLACK;XIRECS;9882.0;2
453800;;;TRANSLATOR_ECLIPSE_CHARCOAL;XIRECS;9262.0;2
453800;;;TRANSLATOR_GRAPHITE_MIST;XIRECS;9919.0;2
453800;;;TRANSLATOR_SPACE_GRAY;XIRECS;9532.0;2
453800;;;TRANSLATOR_VOID_BLUE;XIRECS;9837.0;2
455200;;;TRANSLATOR_ASTRO_BLACK;XIRECS;9902.0;2
455200;;;TRANSLATOR_ECLIPSE_CHARCOAL;XIRECS;9246.0;2
455200;;;TRANSLATOR_GRAPHITE_MIST;XIRECS;9904.0;2
455200;;;TRANSLATOR_SPACE_GRAY;XIRECS;9612.0;2
455200;;;TRANSLATOR_VOID_BLUE;XIRECS;9788.0;2
471500;;;TRANSLATOR_ASTRO_BLACK;XIRECS;9800.0;2
471500;;;TRANSLATOR_ECLIPSE_CHARCOAL;XIRECS;9420.0;2
471500;;;TRANSLATOR_GRAPHITE_MIST;XIRECS;9700.0;2
471500;;;TRANSLATOR_SPACE_GRAY;XIRECS;9579.0;2
471500;;;TRANSLATOR_VOID_BLUE;XIRECS;9537.0;2
471600;;;TRANSLATOR_ASTRO_BLACK;XIRECS;9811.0;3
471600;;;TRANSLATOR_ECLIPSE_CHARCOAL;XIRECS;9418.0;3
471600;;;TRANSLATOR_GRAPHITE_MIST;XIRECS;9694.0;3
471600;;;TRANSLATOR_SPACE_GRAY;XIRECS;9605.0;3
471600;;;TRANSLATOR_VOID_BLUE;XIRECS;9553.0;3
475400;;;TRANSLATOR_ASTRO_BLACK;XIRECS;9876.0;3
475400;;;TRANSLATOR_ECLIPSE_CHARCOAL;XIRECS;9385.0;3
475400;;;TRANSLATOR_GRAPHITE_MIST;XIRECS;9691.0;3
475400;;;TRANSLATOR_SPACE_GRAY;XIRECS;9510.0;3
475400;;;TRANSLATOR_VOID_BLUE;XIRECS;9524.0;3
476600;;;TRANSLATOR_ASTRO_BLACK;XIRECS;9933.0;4
476600;;;TRANSLATOR_ECLIPSE_CHARCOAL;XIRECS;9391.0;4
476600;;;TRANSLATOR_GRAPHITE_MIST;XIRECS;9711.0;4
476600;;;TRANSLATOR_SPACE_GRAY;XIRECS;9574.0;4
476600;;;TRANSLATOR_VOID_BLUE;XIRECS;9495.0;4
481300;;;TRANSLATOR_ASTRO_BLACK;XIRECS;9811.0;4
481300;;;TRANSLATOR_ECLIPSE_CHARCOAL;XIRECS;9303.0;4
481300;;;TRANSLATOR_GRAPHITE_MIST;XIRECS;9662.0;4
481300;;;TRANSLATOR_SPACE_GRAY;XIRECS;9610.0;4
481300;;;TRANSLATOR_VOID_BLUE;XIRECS;9485.0;4
484100;;;TRANSLATOR_ASTRO_BLACK;XIRECS;9814.0;1
484100;;;TRANSLATOR_ECLIPSE_CHARCOAL;XIRECS;9290.0;1
484100;;;TRANSLATOR_GRAPHITE_MIST;XIRECS;9671.0;1
484100;;;TRANSLATOR_SPACE_GRAY;XIRECS;9616.0;1
484100;;;TRANSLATOR_VOID_BLUE;XIRECS;9513.0;1
485100;;;TRANSLATOR_ASTRO_BLACK;XIRECS;9827.0;4
485100;;;TRANSLATOR_ECLIPSE_CHARCOAL;XIRECS;9313.0;4
485100;;;TRANSLATOR_GRAPHITE_MIST;XIRECS;9688.0;4
485100;;;TRANSLATOR_SPACE_GRAY;XIRECS;9584.0;4
485100;;;TRANSLATOR_VOID_BLUE;XIRECS;9568.0;4
494100;;;TRANSLATOR_ASTRO_BLACK;XIRECS;9944.0;4
494100;;;TRANSLATOR_ECLIPSE_CHARCOAL;XIRECS;9229.0;4
494100;;;TRANSLATOR_GRAPHITE_MIST;XIRECS;9739.0;4
494100;;;TRANSLATOR_SPACE_GRAY;XIRECS;9524.0;4
494100;;;TRANSLATOR_VOID_BLUE;XIRECS;9593.0;4
499500;;;TRANSLATOR_ASTRO_BLACK;XIRECS;9962.0;3
499500;;;TRANSLATOR_ECLIPSE_CHARCOAL;XIRECS;9217.0;3
499500;;;TRANSLATOR_GRAPHITE_MIST;XIRECS;9781.0;3
499500;;;TRANSLATOR_SPACE_GRAY;XIRECS;9554.0;3
499500;;;TRANSLATOR_VOID_BLUE;XIRECS;9674.0;3
500400;;;TRANSLATOR_ASTRO_BLACK;XIRECS;9962.0;1
500400;;;TRANSLATOR_ECLIPSE_CHARCOAL;XIRECS;9229.0;1
500400;;;TRANSLATOR_GRAPHITE_MIST;XIRECS;9791.0;1
500400;;;TRANSLATOR_SPACE_GRAY;XIRECS;9568.0;1
500400;;;TRANSLATOR_VOID_BLUE;XIRECS;9681.0;1
502800;;;TRANSLATOR_ASTRO_BLACK;XIRECS;9982.0;2
502800;;;TRANSLATOR_ECLIPSE_CHARCOAL;XIRECS;9157.0;2
502800;;;TRANSLATOR_GRAPHITE_MIST;XIRECS;9741.0;2
502800;;;TRANSLATOR_SPACE_GRAY;XIRECS;9557.0;2
502800;;;TRANSLATOR_VOID_BLUE;XIRECS;9683.0;2
503200;;;TRANSLATOR_ASTRO_BLACK;XIRECS;9959.0;4
503200;;;TRANSLATOR_ECLIPSE_CHARCOAL;XIRECS;9175.0;4
503200;;;TRANSLATOR_GRAPHITE_MIST;XIRECS;9776.0;4
503200;;;TRANSLATOR_SPACE_GRAY;XIRECS;9606.0;4
503200;;;TRANSLATOR_VOID_BLUE;XIRECS;9701.0;4
507800;;;TRANSLATOR_ASTRO_BLACK;XIRECS;9852.0;1
507800;;;TRANSLATOR_ECLIPSE_CHARCOAL;XIRECS;9087.0;1
507800;;;TRANSLATOR_GRAPHITE_MIST;XIRECS;9752.0;1
507800;;;TRANSLATOR_SPACE_GRAY;XIRECS;9564.0;1
507800;;;TRANSLATOR_VOID_BLUE;XIRECS;9737.0;1
512900;;;TRANSLATOR_ASTRO_BLACK;XIRECS;9921.0;2
512900;;;TRANSLATOR_ECLIPSE_CHARCOAL;XIRECS;9013.0;2
512900;;;TRANSLATOR_GRAPHITE_MIST;XIRECS;9825.0;2
512900;;;TRANSLATOR_SPACE_GRAY;XIRECS;9528.0;2
512900;;;TRANSLATOR_VOID_BLUE;XIRECS;9772.0;2
516400;;;TRANSLATOR_ASTRO_BLACK;XIRECS;9958.0;4
516400;;;TRANSLATOR_ECLIPSE_CHARCOAL;XIRECS;8995.0;4
516400;;;TRANSLATOR_GRAPHITE_MIST;XIRECS;9852.0;4
516400;;;TRANSLATOR_SPACE_GRAY;XIRECS;9559.0;4
516400;;;TRANSLATOR_VOID_BLUE;XIRECS;9913.0;4
522000;;;TRANSLATOR_ASTRO_BLACK;XIRECS;9910.0;4
522000;;;TRANSLATOR_ECLIPSE_CHARCOAL;XIRECS;9012.0;4
522000;;;TRANSLATOR_GRAPHITE_MIST;XIRECS;9731.0;4
522000;;;TRANSLATOR_SPACE_GRAY;XIRECS;9601.0;4
522000;;;TRANSLATOR_VOID_BLUE;XIRECS;9925.0;4
523500;;;TRANSLATOR_ASTRO_BLACK;XIRECS;9866.0;2
523500;;;TRANSLATOR_ECLIPSE_CHARCOAL;XIRECS;9001.0;2
523500;;;TRANSLATOR_GRAPHITE_MIST;XIRECS;9751.0;2
523500;;;TRANSLATOR_SPACE_GRAY;XIRECS;9594.0;2
523500;;;TRANSLATOR_VOID_BLUE;XIRECS;9972.0;2
528000;;;TRANSLATOR_ASTRO_BLACK;XIRECS;9999.0;1
528000;;;TRANSLATOR_ECLIPSE_CHARCOAL;XIRECS;9160.0;1
528000;;;TRANSLATOR_GRAPHITE_MIST;XIRECS;9852.0;1
528000;;;TRANSLATOR_SPACE_GRAY;XIRECS;9651.0;1
528000;;;TRANSLATOR_VOID_BLUE;XIRECS;9999.0;1
528100;;;TRANSLATOR_ASTRO_BLACK;XIRECS;10005.0;2
528100;;;TRANSLATOR_ECLIPSE_CHARCOAL;XIRECS;9167.0;2
528100;;;TRANSLATOR_GRAPHITE_MIST;XIRECS;9859.0;2
528100;;;TRANSLATOR_SPACE_GRAY;XIRECS;9632.0;2
528100;;;TRANSLATOR_VOID_BLUE;XIRECS;9994.0;2
533900;;;TRANSLATOR_ASTRO_BLACK;XIRECS;9996.0;1
533900;;;TRANSLATOR_ECLIPSE_CHARCOAL;XIRECS;9244.0;1
533900;;;TRANSLATOR_GRAPHITE_MIST;XIRECS;9907.0;1
533900;;;TRANSLATOR_SPACE_GRAY;XIRECS;9522.0;1
533900;;;TRANSLATOR_VOID_BLUE;XIRECS;9982.0;1
537500;;;TRANSLATOR_ASTRO_BLACK;XIRECS;9989.0;4
537500;;;TRANSLATOR_ECLIPSE_CHARCOAL;XIRECS;9248.0;4
537500;;;TRANSLATOR_GRAPHITE_MIST;XIRECS;9903.0;4
537500;;;TRANSLATOR_SPACE_GRAY;XIRECS;9468.0;4
537500;;;TRANSLATOR_VOID_BLUE;XIRECS;10028.0;4
537900;;;TRANSLATOR_ASTRO_BLACK;XIRECS;9987.0;1
537900;;;TRANSLATOR_ECLIPSE_CHARCOAL;XIRECS;9242.0;1
537900;;;TRANSLATOR_GRAPHITE_MIST;XIRECS;9926.0;1
537900;;;TRANSLATOR_SPACE_GRAY;XIRECS;9475.0;1
537900;;;TRANSLATOR_VOID_BLUE;XIRECS;10044.0;1
544700;;;TRANSLATOR_ASTRO_BLACK;XIRECS;9995.0;2
544700;;;TRANSLATOR_ECLIPSE_CHARCOAL;XIRECS;9233.0;2
544700;;;TRANSLATOR_GRAPHITE_MIST;XIRECS;9884.0;2
544700;;;TRANSLATOR_SPACE_GRAY;XIRECS;9514.0;2
544700;;;TRANSLATOR_VOID_BLUE;XIRECS;10049.0;2
559400;;;TRANSLATOR_ASTRO_BLACK;XIRECS;9916.0;2
559400;;;TRANSLATOR_ECLIPSE_CHARCOAL;XIRECS;9282.0;2
559400;;;TRANSLATOR_GRAPHITE_MIST;XIRECS;9994.0;2
559400;;;TRANSLATOR_SPACE_GRAY;XIRECS;9485.0;2
559400;;;TRANSLATOR_VOID_BLUE;XIRECS;9909.0;2
564000;;;TRANSLATOR_ASTRO_BLACK;XIRECS;9988.0;4
564000;;;TRANSLATOR_ECLIPSE_CHARCOAL;XIRECS;9457.0;4
564000;;;TRANSLATOR_GRAPHITE_MIST;XIRECS;10038.0;4
564000;;;TRANSLATOR_SPACE_GRAY;XIRECS;9481.0;4
564000;;;TRANSLATOR_VOID_BLUE;XIRECS;10038.0;4
566300;;;TRANSLATOR_ASTRO_BLACK;XIRECS;10001.0;3
566300;;;TRANSLATOR_ECLIPSE_CHARCOAL;XIRECS;9452.0;3
566300;;;TRANSLATOR_GRAPHITE_MIST;XIRECS;10019.0;3
566300;;;TRANSLATOR_SPACE_GRAY;XIRECS;9458.0;3
566300;;;TRANSLATOR_VOID_BLUE;XIRECS;10055.0;3
566900;;;TRANSLATOR_ASTRO_BLACK;XIRECS;10007.0;4
566900;;;TRANSLATOR_ECLIPSE_CHARCOAL;XIRECS;9471.0;4
566900;;;TRANSLATOR_GRAPHITE_MIST;XIRECS;10002.0;4
566900;;;TRANSLATOR_SPACE_GRAY;XIRECS;9455.0;4
566900;;;TRANSLATOR_VOID_BLUE;XIRECS;10033.0;4
568400;;;TRANSLATOR_ASTRO_BLACK;XIRECS;10040.0;1
568400;;;TRANSLATOR_ECLIPSE_CHARCOAL;XIRECS;9547.0;1
568400;;;TRANSLATOR_GRAPHITE_MIST;XIRECS;9954.0;1
568400;;;TRANSLATOR_SPACE_GRAY;XIRECS;9436.0;1
568400;;;TRANSLATOR_VOID_BLUE;XIRECS;10027.0;1
569900;;;TRANSLATOR_ASTRO_BLACK;XIRECS;10050.0;3
569900;;;TRANSLATOR_ECLIPSE_CHARCOAL;XIRECS;9547.0;3
569900;;;TRANSLATOR_GRAPHITE_MIST;XIRECS;9879.0;3
569900;;;TRANSLATOR_SPACE_GRAY;XIRECS;9459.0;3
569900;;;TRANSLATOR_VOID_BLUE;XIRECS;10096.0;3
579100;;;TRANSLATOR_ASTRO_BLACK;XIRECS;10184.0;2
579100;;;TRANSLATOR_ECLIPSE_CHARCOAL;XIRECS;9505.0;2
579100;;;TRANSLATOR_GRAPHITE_MIST;XIRECS;9983.0;2
579100;;;TRANSLATOR_SPACE_GRAY;XIRECS;9481.0;2
579100;;;TRANSLATOR_VOID_BLUE;XIRECS;10106.0;2
582900;;;TRANSLATOR_ASTRO_BLACK;XIRECS;10278.0;2
582900;;;TRANSLATOR_ECLIPSE_CHARCOAL;XIRECS;9529.0;2
582900;;;TRANSLATOR_GRAPHITE_MIST;XIRECS;9982.0;2
582900;;;TRANSLATOR_SPACE_GRAY;XIRECS;9409.0;2
582900;;;TRANSLATOR_VOID_BLUE;XIRECS;10152.0;2
584000;;;TRANSLATOR_ASTRO_BLACK;XIRECS;10253.0;1
584000;;;TRANSLATOR_ECLIPSE_CHARCOAL;XIRECS;9494.0;1
584000;;;TRANSLATOR_GRAPHITE_MIST;XIRECS;9974.0;1
584000;;;TRANSLATOR_SPACE_GRAY;XIRECS;9379.0;1
584000;;;TRANSLATOR_VOID_BLUE;XIRECS;10164.0;1
591700;;;TRANSLATOR_ASTRO_BLACK;XIRECS;10227.0;3
591700;;;TRANSLATOR_ECLIPSE_CHARCOAL;XIRECS;9620.0;3
591700;;;TRANSLATOR_GRAPHITE_MIST;XIRECS;10124.0;3
591700;;;TRANSLATOR_SPACE_GRAY;XIRECS;9284.0;3
591700;;;TRANSLATOR_VOID_BLUE;XIRECS;10167.0;3
592800;;;TRANSLATOR_ASTRO_BLACK;XIRECS;10244.0;1
592800;;;TRANSLATOR_ECLIPSE_CHARCOAL;XIRECS;9560.0;1
592800;;;TRANSLATOR_GRAPHITE_MIST;XIRECS;10080.0;1
592800;;;TRANSLATOR_SPACE_GRAY;XIRECS;9281.0;1
592800;;;TRANSLATOR_VOID_BLUE;XIRECS;10217.0;1
604000;;;TRANSLATOR_ASTRO_BLACK;XIRECS;10404.0;2
604000;;;TRANSLATOR_ECLIPSE_CHARCOAL;XIRECS;9595.0;2
604000;;;TRANSLATOR_GRAPHITE_MIST;XIRECS;9990.0;2
604000;;;TRANSLATOR_SPACE_GRAY;XIRECS;9329.0;2
604000;;;TRANSLATOR_VOID_BLUE;XIRECS;10260.0;2
610400;;;TRANSLATOR_ASTRO_BLACK;XIRECS;10382.0;1
610400;;;TRANSLATOR_ECLIPSE_CHARCOAL;XIRECS;9608.0;1
610400;;;TRANSLATOR_GRAPHITE_MIST;XIRECS;9991.0;1
610400;;;TRANSLATOR_SPACE_GRAY;XIRECS;9424.0;1
610400;;;TRANSLATOR_VOID_BLUE;XIRECS;10320.0;1
614700;;;TRANSLATOR_ASTRO_BLACK;XIRECS;10304.0;3
614700;;;TRANSLATOR_ECLIPSE_CHARCOAL;XIRECS;9565.0;3
614700;;;TRANSLATOR_GRAPHITE_MIST;XIRECS;9989.0;3
614700;;;TRANSLATOR_SPACE_GRAY;XIRECS;9369.0;3
614700;;;TRANSLATOR_VOID_BLUE;XIRECS;10345.0;3
620700;;;TRANSLATOR_ASTRO_BLACK;XIRECS;10211.0;3
620700;;;TRANSLATOR_ECLIPSE_CHARCOAL;XIRECS;9444.0;3
620700;;;TRANSLATOR_GRAPHITE_MIST;XIRECS;10105.0;3
620700;;;TRANSLATOR_SPACE_GRAY;XIRECS;9332.0;3
620700;;;TRANSLATOR_VOID_BLUE;XIRECS;10495.0;3
631800;;;TRANSLATOR_ASTRO_BLACK;XIRECS;10324.0;3
631800;;;TRANSLATOR_ECLIPSE_CHARCOAL;XIRECS;9572.0;3
631800;;;TRANSLATOR_GRAPHITE_MIST;XIRECS;10078.0;3
631800;;;TRANSLATOR_SPACE_GRAY;XIRECS;9390.0;3
631800;;;TRANSLATOR_VOID_BLUE;XIRECS;10425.0;3
640700;;;TRANSLATOR_ASTRO_BLACK;XIRECS;10485.0;2
640700;;;TRANSLATOR_ECLIPSE_CHARCOAL;XIRECS;9536.0;2
640700;;;TRANSLATOR_GRAPHITE_MIST;XIRECS;9992.0;2
640700;;;TRANSLATOR_SPACE_GRAY;XIRECS;9497.0;2
640700;;;TRANSLATOR_VOID_BLUE;XIRECS;10435.0;2
647000;;;TRANSLATOR_ASTRO_BLACK;XIRECS;10376.0;3
647000;;;TRANSLATOR_ECLIPSE_CHARCOAL;XIRECS;9565.0;3
647000;;;TRANSLATOR_GRAPHITE_MIST;XIRECS;9874.0;3
647000;;;TRANSLATOR_SPACE_GRAY;XIRECS;9446.0;3
647000;;;TRANSLATOR_VOID_BLUE;XIRECS;10394.0;3
656900;;;TRANSLATOR_ASTRO_BLACK;XIRECS;10250.0;4
656900;;;TRANSLATOR_ECLIPSE_CHARCOAL;XIRECS;9541.0;4
656900;;;TRANSLATOR_GRAPHITE_MIST;XIRECS;9997.0;4
656900;;;TRANSLATOR_SPACE_GRAY;XIRECS;9437.0;4
656900;;;TRANSLATOR_VOID_BLUE;XIRECS;10329.0;4
663100;;;TRANSLATOR_ASTRO_BLACK;XIRECS;10219.0;1
663100;;;TRANSLATOR_ECLIPSE_CHARCOAL;XIRECS;9562.0;1
663100;;;TRANSLATOR_GRAPHITE_MIST;XIRECS;9949.0;1
663100;;;TRANSLATOR_SPACE_GRAY;XIRECS;9520.0;1
663100;;;TRANSLATOR_VOID_BLUE;XIRECS;10324.0;1
667700;;;TRANSLATOR_ASTRO_BLACK;XIRECS;10156.0;1
667700;;;TRANSLATOR_ECLIPSE_CHARCOAL;XIRECS;9614.0;1
667700;;;TRANSLATOR_GRAPHITE_MIST;XIRECS;9894.0;1
667700;;;TRANSLATOR_SPACE_GRAY;XIRECS;9493.0;1
667700;;;TRANSLATOR_VOID_BLUE;XIRECS;10409.0;1
676700;;;TRANSLATOR_ASTRO_BLACK;XIRECS;10207.0;2
676700;;;TRANSLATOR_ECLIPSE_CHARCOAL;XIRECS;9716.0;2
676700;;;TRANSLATOR_GRAPHITE_MIST;XIRECS;9889.0;2
676700;;;TRANSLATOR_SPACE_GRAY;XIRECS;9512.0;2
676700;;;TRANSLATOR_VOID_BLUE;XIRECS;10352.0;2
682400;;;TRANSLATOR_ASTRO_BLACK;XIRECS;10042.0;3
682400;;;TRANSLATOR_ECLIPSE_CHARCOAL;XIRECS;9599.0;3
682400;;;TRANSLATOR_GRAPHITE_MIST;XIRECS;9775.0;3
682400;;;TRANSLATOR_SPACE_GRAY;XIRECS;9385.0;3
682400;;;TRANSLATOR_VOID_BLUE;XIRECS;10337.0;3
688200;;;TRANSLATOR_ASTRO_BLACK;XIRECS;9899.0;1
688200;;;TRANSLATOR_ECLIPSE_CHARCOAL;XIRECS;9719.0;1
688200;;;TRANSLATOR_GRAPHITE_MIST;XIRECS;9763.0;1
688200;;;TRANSLATOR_SPACE_GRAY;XIRECS;9379.0;1
688200;;;TRANSLATOR_VOID_BLUE;XIRECS;10361.0;1
700500;;;TRANSLATOR_ASTRO_BLACK;XIRECS;9991.0;1
700500;;;TRANSLATOR_ECLIPSE_CHARCOAL;XIRECS;9807.0;1
700500;;;TRANSLATOR_GRAPHITE_MIST;XIRECS;9592.0;1
700500;;;TRANSLATOR_SPACE_GRAY;XIRECS;9435.0;1
700500;;;TRANSLATOR_VOID_BLUE;XIRECS;10212.0;1
700600;;;TRANSLATOR_ASTRO_BLACK;XIRECS;9983.0;4
700600;;;TRANSLATOR_ECLIPSE_CHARCOAL;XIRECS;9808.0;4
700600;;;TRANSLATOR_GRAPHITE_MIST;XIRECS;9602.0;4
700600;;;TRANSLATOR_SPACE_GRAY;XIRECS;9426.0;4
700600;;;TRANSLATOR_VOID_BLUE;XIRECS;10208.0;4
705100;;;TRANSLATOR_ASTRO_BLACK;XIRECS;9839.0;2
705100;;;TRANSLATOR_ECLIPSE_CHARCOAL;XIRECS;9837.0;2
705100;;;TRANSLATOR_GRAPHITE_MIST;XIRECS;9714.0;2
705100;;;TRANSLATOR_SPACE_GRAY;XIRECS;9367.0;2
705100;;;TRANSLATOR_VOID_BLUE;XIRECS;10256.0;2
710100;;;TRANSLATOR_ASTRO_BLACK;XIRECS;9880.0;1
710100;;;TRANSLATOR_ECLIPSE_CHARCOAL;XIRECS;9810.0;1
710100;;;TRANSLATOR_GRAPHITE_MIST;XIRECS;9652.0;1
710100;;;TRANSLATOR_SPACE_GRAY;XIRECS;9243.0;1
710100;;;TRANSLATOR_VOID_BLUE;XIRECS;10293.0;1
721200;;;TRANSLATOR_ASTRO_BLACK;XIRECS;9868.0;2
721200;;;TRANSLATOR_ECLIPSE_CHARCOAL;XIRECS;9794.0;2
721200;;;TRANSLATOR_GRAPHITE_MIST;XIRECS;9666.0;2
721200;;;TRANSLATOR_SPACE_GRAY;XIRECS;9308.0;2
721200;;;TRANSLATOR_VOID_BLUE;XIRECS;10404.0;2
721900;;;TRANSLATOR_ASTRO_BLACK;XIRECS;9903.0;1
721900;;;TRANSLATOR_ECLIPSE_CHARCOAL;XIRECS;9873.0;1
721900;;;TRANSLATOR_GRAPHITE_MIST;XIRECS;9666.0;1
721900;;;TRANSLATOR_SPACE_GRAY;XIRECS;9327.0;1
721900;;;TRANSLATOR_VOID_BLUE;XIRECS;10403.0;1
725900;;;TRANSLATOR_ASTRO_BLACK;XIRECS;9962.0;2
725900;;;TRANSLATOR_ECLIPSE_CHARCOAL;XIRECS;9950.0;2
725900;;;TRANSLATOR_GRAPHITE_MIST;XIRECS;9734.0;2
725900;;;TRANSLATOR_SPACE_GRAY;XIRECS;9307.0;2
725900;;;TRANSLATOR_VOID_BLUE;XIRECS;10357.0;2
729400;;;TRANSLATOR_ASTRO_BLACK;XIRECS;9872.0;2
729400;;;TRANSLATOR_ECLIPSE_CHARCOAL;XIRECS;9980.0;2
729400;;;TRANSLATOR_GRAPHITE_MIST;XIRECS;9731.0;2
729400;;;TRANSLATOR_SPACE_GRAY;XIRECS;9221.0;2
729400;;;TRANSLATOR_VOID_BLUE;XIRECS;10305.0;2
733200;;;TRANSLATOR_ASTRO_BLACK;XIRECS;9833.0;1
733200;;;TRANSLATOR_ECLIPSE_CHARCOAL;XIRECS;9928.0;1
733200;;;TRANSLATOR_GRAPHITE_MIST;XIRECS;9792.0;1
733200;;;TRANSLATOR_SPACE_GRAY;XIRECS;9195.0;1
733200;;;TRANSLATOR_VOID_BLUE;XIRECS;10317.0;1
735900;;;TRANSLATOR_ASTRO_BLACK;XIRECS;9928.0;1
735900;;;TRANSLATOR_ECLIPSE_CHARCOAL;XIRECS;9977.0;1
735900;;;TRANSLATOR_GRAPHITE_MIST;XIRECS;9849.0;1
735900;;;TRANSLATOR_SPACE_GRAY;XIRECS;9285.0;1
735900;;;TRANSLATOR_VOID_BLUE;XIRECS;10364.0;1
754200;;;TRANSLATOR_ASTRO_BLACK;XIRECS;9861.0;4
754200;;;TRANSLATOR_ECLIPSE_CHARCOAL;XIRECS;9725.0;4
754200;;;TRANSLATOR_GRAPHITE_MIST;XIRECS;9754.0;4
754200;;;TRANSLATOR_SPACE_GRAY;XIRECS;9256.0;4
754200;;;TRANSLATOR_VOID_BLUE;XIRECS;10420.0;4
757300;;;TRANSLATOR_ASTRO_BLACK;XIRECS;9827.0;2
757300;;;TRANSLATOR_ECLIPSE_CHARCOAL;XIRECS;9715.0;2
757300;;;TRANSLATOR_GRAPHITE_MIST;XIRECS;9648.0;2
757300;;;TRANSLATOR_SPACE_GRAY;XIRECS;9217.0;2
757300;;;TRANSLATOR_VOID_BLUE;XIRECS;10470.0;2
758500;;;TRANSLATOR_ASTRO_BLACK;XIRECS;9831.0;4
758500;;;TRANSLATOR_ECLIPSE_CHARCOAL;XIRECS;9757.0;4
758500;;;TRANSLATOR_GRAPHITE_MIST;XIRECS;9638.0;4
758500;;;TRANSLATOR_SPACE_GRAY;XIRECS;9179.0;4
758500;;;TRANSLATOR_VOID_BLUE;XIRECS;10497.0;4
764000;;;TRANSLATOR_ASTRO_BLACK;XIRECS;9876.0;1
764000;;;TRANSLATOR_ECLIPSE_CHARCOAL;XIRECS;9821.0;1
764000;;;TRANSLATOR_GRAPHITE_MIST;XIRECS;9633.0;1
764000;;;TRANSLATOR_SPACE_GRAY;XIRECS;9202.0;1
764000;;;TRANSLATOR_VOID_BLUE;XIRECS;10571.0;1
767300;;;TRANSLATOR_ASTRO_BLACK;XIRECS;9975.0;4
767300;;;TRANSLATOR_ECLIPSE_CHARCOAL;XIRECS;9863.0;4
767300;;;TRANSLATOR_GRAPHITE_MIST;XIRECS;9630.0;4
767300;;;TRANSLATOR_SPACE_GRAY;XIRECS;9256.0;4
767300;;;TRANSLATOR_VOID_BLUE;XIRECS;10576.0;4
768200;;;TRANSLATOR_ASTRO_BLACK;XIRECS;10017.0;3
768200;;;TRANSLATOR_ECLIPSE_CHARCOAL;XIRECS;9884.0;3
768200;;;TRANSLATOR_GRAPHITE_MIST;XIRECS;9632.0;3
768200;;;TRANSLATOR_SPACE_GRAY;XIRECS;9278.0;3
768200;;;TRANSLATOR_VOID_BLUE;XIRECS;10589.0;3
776100;;;TRANSLATOR_ASTRO_BLACK;XIRECS;9884.0;2
776100;;;TRANSLATOR_ECLIPSE_CHARCOAL;XIRECS;9991.0;2
776100;;;TRANSLATOR_GRAPHITE_MIST;XIRECS;9643.0;2
776100;;;TRANSLATOR_SPACE_GRAY;XIRECS;9310.0;2
776100;;;TRANSLATOR_VOID_BLUE;XIRECS;10497.0;2
776400;;;TRANSLATOR_ASTRO_BLACK;XIRECS;9866.0;1
776400;;;TRANSLATOR_ECLIPSE_CHARCOAL;XIRECS;9993.0;1
776400;;;TRANSLATOR_GRAPHITE_MIST;XIRECS;9646.0;1
776400;;;TRANSLATOR_SPACE_GRAY;XIRECS;9308.0;1
776400;;;TRANSLATOR_VOID_BLUE;XIRECS;10490.0;1
780300;;;TRANSLATOR_ASTRO_BLACK;XIRECS;9990.0;2
780300;;;TRANSLATOR_ECLIPSE_CHARCOAL;XIRECS;10065.0;2
780300;;;TRANSLATOR_GRAPHITE_MIST;XIRECS;9612.0;2
780300;;;TRANSLATOR_SPACE_GRAY;XIRECS;9430.0;2
780300;;;TRANSLATOR_VOID_BLUE;XIRECS;10519.0;2
784200;;;TRANSLATOR_ASTRO_BLACK;XIRECS;9942.0;3
784200;;;TRANSLATOR_ECLIPSE_CHARCOAL;XIRECS;10025.0;3
784200;;;TRANSLATOR_GRAPHITE_MIST;XIRECS;9636.0;3
784200;;;TRANSLATOR_SPACE_GRAY;XIRECS;9466.0;3
784200;;;TRANSLATOR_VOID_BLUE;XIRECS;10489.0;3
785100;;;TRANSLATOR_ASTRO_BLACK;XIRECS;9960.0;3
785100;;;TRANSLATOR_ECLIPSE_CHARCOAL;XIRECS;9998.0;3
785100;;;TRANSLATOR_GRAPHITE_MIST;XIRECS;9678.0;3
785100;;;TRANSLATOR_SPACE_GRAY;XIRECS;9445.0;3
785100;;;TRANSLATOR_VOID_BLUE;XIRECS;10446.0;3
787300;;;TRANSLATOR_ASTRO_BLACK;XIRECS;9865.0;2
787300;;;TRANSLATOR_ECLIPSE_CHARCOAL;XIRECS;10009.0;2
787300;;;TRANSLATOR_GRAPHITE_MIST;XIRECS;9766.0;2
787300;;;TRANSLATOR_SPACE_GRAY;XIRECS;9536.0;2
787300;;;TRANSLATOR_VOID_BLUE;XIRECS;10456.0;2
792300;;;TRANSLATOR_ASTRO_BLACK;XIRECS;9743.0;1
792300;;;TRANSLATOR_ECLIPSE_CHARCOAL;XIRECS;9964.0;1
792300;;;TRANSLATOR_GRAPHITE_MIST;XIRECS;9715.0;1
792300;;;TRANSLATOR_SPACE_GRAY;XIRECS;9376.0;1
792300;;;TRANSLATOR_VOID_BLUE;XIRECS;10494.0;1
797900;;;TRANSLATOR_ASTRO_BLACK;XIRECS;9686.0;4
797900;;;TRANSLATOR_ECLIPSE_CHARCOAL;XIRECS;9991.0;4
797900;;;TRANSLATOR_GRAPHITE_MIST;XIRECS;9622.0;4
797900;;;TRANSLATOR_SPACE_GRAY;XIRECS;9220.0;4
797900;;;TRANSLATOR_VOID_BLUE;XIRECS;10451.0;4
804500;;;TRANSLATOR_ASTRO_BLACK;XIRECS;9755.0;1
804500;;;TRANSLATOR_ECLIPSE_CHARCOAL;XIRECS;9963.0;1
804500;;;TRANSLATOR_GRAPHITE_MIST;XIRECS;9604.0;1
804500;;;TRANSLATOR_SPACE_GRAY;XIRECS;9230.0;1
804500;;;TRANSLATOR_VOID_BLUE;XIRECS;10440.0;1
809300;;;TRANSLATOR_ASTRO_BLACK;XIRECS;9763.0;2
809300;;;TRANSLATOR_ECLIPSE_CHARCOAL;XIRECS;9990.0;2
809300;;;TRANSLATOR_GRAPHITE_MIST;XIRECS;9622.0;2
809300;;;TRANSLATOR_SPACE_GRAY;XIRECS;9242.0;2
809300;;;TRANSLATOR_VOID_BLUE;XIRECS;10519.0;2
822500;;;TRANSLATOR_ASTRO_BLACK;XIRECS;9616.0;3
822500;;;TRANSLATOR_ECLIPSE_CHARCOAL;XIRECS;10098.0;3
822500;;;TRANSLATOR_GRAPHITE_MIST;XIRECS;9607.0;3
822500;;;TRANSLATOR_SPACE_GRAY;XIRECS;9251.0;3
822500;;;TRANSLATOR_VOID_BLUE;XIRECS;10497.0;3
826100;;;TRANSLATOR_ASTRO_BLACK;XIRECS;9519.0;3
826100;;;TRANSLATOR_ECLIPSE_CHARCOAL;XIRECS;10247.0;3
826100;;;TRANSLATOR_GRAPHITE_MIST;XIRECS;9622.0;3
826100;;;TRANSLATOR_SPACE_GRAY;XIRECS;9244.0;3
826100;;;TRANSLATOR_VOID_BLUE;XIRECS;10552.0;3
828200;;;TRANSLATOR_ASTRO_BLACK;XIRECS;9565.0;3
828200;;;TRANSLATOR_ECLIPSE_CHARCOAL;XIRECS;10191.0;3
828200;;;TRANSLATOR_GRAPHITE_MIST;XIRECS;9640.0;3
828200;;;TRANSLATOR_SPACE_GRAY;XIRECS;9160.0;3
828200;;;TRANSLATOR_VOID_BLUE;XIRECS;10539.0;3
832200;;;TRANSLATOR_ASTRO_BLACK;XIRECS;9582.0;2
832200;;;TRANSLATOR_ECLIPSE_CHARCOAL;XIRECS;10303.0;2
832200;;;TRANSLATOR_GRAPHITE_MIST;XIRECS;9563.0;2
832200;;;TRANSLATOR_SPACE_GRAY;XIRECS;9175.0;2
832200;;;TRANSLATOR_VOID_BLUE;XIRECS;10602.0;2
835700;;;TRANSLATOR_ASTRO_BLACK;XIRECS;9597.0;2
835700;;;TRANSLATOR_ECLIPSE_CHARCOAL;XIRECS;10321.0;2
835700;;;TRANSLATOR_GRAPHITE_MIST;XIRECS;9518.0;2
835700;;;TRANSLATOR_SPACE_GRAY;XIRECS;9207.0;2
835700;;;TRANSLATOR_VOID_BLUE;XIRECS;10633.0;2
845100;;;TRANSLATOR_ASTRO_BLACK;XIRECS;9556.0;3
845100;;;TRANSLATOR_ECLIPSE_CHARCOAL;XIRECS;10431.0;3
845100;;;TRANSLATOR_GRAPHITE_MIST;XIRECS;9446.0;3
845100;;;TRANSLATOR_SPACE_GRAY;XIRECS;9277.0;3
845100;;;TRANSLATOR_VOID_BLUE;XIRECS;10750.0;3
849500;;;TRANSLATOR_ASTRO_BLACK;XIRECS;9590.0;1
849500;;;TRANSLATOR_ECLIPSE_CHARCOAL;XIRECS;10431.0;1
849500;;;TRANSLATOR_GRAPHITE_MIST;XIRECS;9403.0;1
849500;;;TRANSLATOR_SPACE_GRAY;XIRECS;9319.0;1
849500;;;TRANSLATOR_VOID_BLUE;XIRECS;10590.0;1
850800;;;TRANSLATOR_ASTRO_BLACK;XIRECS;9571.0;4
850800;;;TRANSLATOR_ECLIPSE_CHARCOAL;XIRECS;10482.0;4
850800;;;TRANSLATOR_GRAPHITE_MIST;XIRECS;9412.0;4
850800;;;TRANSLATOR_SPACE_GRAY;XIRECS;9340.0;4
850800;;;TRANSLATOR_VOID_BLUE;XIRECS;10584.0;4
864100;;;TRANSLATOR_ASTRO_BLACK;XIRECS;9682.0;4
864100;;;TRANSLATOR_ECLIPSE_CHARCOAL;XIRECS;10531.0;4
864100;;;TRANSLATOR_GRAPHITE_MIST;XIRECS;9456.0;4
864100;;;TRANSLATOR_SPACE_GRAY;XIRECS;9542.0;4
864100;;;TRANSLATOR_VOID_BLUE;XIRECS;10505.0;4
864900;;;TRANSLATOR_ASTRO_BLACK;XIRECS;9667.0;3
864900;;;TRANSLATOR_ECLIPSE_CHARCOAL;XIRECS;10535.0;3
864900;;;TRANSLATOR_GRAPHITE_MIST;XIRECS;9431.0;3
864900;;;TRANSLATOR_SPACE_GRAY;XIRECS;9585.0;3
864900;;;TRANSLATOR_VOID_BLUE;XIRECS;10531.0;3
873300;;;TRANSLATOR_ASTRO_BLACK;XIRECS;9552.0;3
873300;;;TRANSLATOR_ECLIPSE_CHARCOAL;XIRECS;10474.0;3
873300;;;TRANSLATOR_GRAPHITE_MIST;XIRECS;9336.0;3
873300;;;TRANSLATOR_SPACE_GRAY;XIRECS;9696.0;3
873300;;;TRANSLATOR_VOID_BLUE;XIRECS;10683.0;3
879600;;;TRANSLATOR_ASTRO_BLACK;XIRECS;9698.0;1
879600;;;TRANSLATOR_ECLIPSE_CHARCOAL;XIRECS;10438.0;1
879600;;;TRANSLATOR_GRAPHITE_MIST;XIRECS;9331.0;1
879600;;;TRANSLATOR_SPACE_GRAY;XIRECS;9694.0;1
879600;;;TRANSLATOR_VOID_BLUE;XIRECS;10709.0;1
881900;;;TRANSLATOR_ASTRO_BLACK;XIRECS;9632.0;1
881900;;;TRANSLATOR_ECLIPSE_CHARCOAL;XIRECS;10487.0;1
881900;;;TRANSLATOR_GRAPHITE_MIST;XIRECS;9257.0;1
881900;;;TRANSLATOR_SPACE_GRAY;XIRECS;9676.0;1
881900;;;TRANSLATOR_VOID_BLUE;XIRECS;10728.0;1
886000;;;TRANSLATOR_ASTRO_BLACK;XIRECS;9669.0;4
886000;;;TRANSLATOR_ECLIPSE_CHARCOAL;XIRECS;10398.0;4
886000;;;TRANSLATOR_GRAPHITE_MIST;XIRECS;9192.0;4
886000;;;TRANSLATOR_SPACE_GRAY;XIRECS;9704.0;4
886000;;;TRANSLATOR_VOID_BLUE;XIRECS;10762.0;4
891600;;;TRANSLATOR_ASTRO_BLACK;XIRECS;9650.0;3
891600;;;TRANSLATOR_ECLIPSE_CHARCOAL;XIRECS;10341.0;3
891600;;;TRANSLATOR_GRAPHITE_MIST;XIRECS;9248.0;3
891600;;;TRANSLATOR_SPACE_GRAY;XIRECS;9736.0;3
891600;;;TRANSLATOR_VOID_BLUE;XIRECS;10770.0;3
900500;;;TRANSLATOR_ASTRO_BLACK;XIRECS;9729.0;4
900500;;;TRANSLATOR_ECLIPSE_CHARCOAL;XIRECS;10264.0;4
900500;;;TRANSLATOR_GRAPHITE_MIST;XIRECS;9239.0;4
900500;;;TRANSLATOR_SPACE_GRAY;XIRECS;9919.0;4
900500;;;TRANSLATOR_VOID_BLUE;XIRECS;10754.0;4
903400;;;TRANSLATOR_ASTRO_BLACK;XIRECS;9730.0;3
903400;;;TRANSLATOR_ECLIPSE_CHARCOAL;XIRECS;10213.0;3
903400;;;TRANSLATOR_GRAPHITE_MIST;XIRECS;9232.0;3
903400;;;TRANSLATOR_SPACE_GRAY;XIRECS;9941.0;3
903400;;;TRANSLATOR_VOID_BLUE;XIRECS;10732.0;3
905400;;;TRANSLATOR_ASTRO_BLACK;XIRECS;9699.0;4
905400;;;TRANSLATOR_ECLIPSE_CHARCOAL;XIRECS;10163.0;4
905400;;;TRANSLATOR_GRAPHITE_MIST;XIRECS;9256.0;4
905400;;;TRANSLATOR_SPACE_GRAY;XIRECS;9958.0;4
905400;;;TRANSLATOR_VOID_BLUE;XIRECS;10735.0;4
909200;;;TRANSLATOR_ASTRO_BLACK;XIRECS;9598.0;3
909200;;;TRANSLATOR_ECLIPSE_CHARCOAL;XIRECS;10103.0;3
909200;;;TRANSLATOR_GRAPHITE_MIST;XIRECS;9211.0;3
909200;;;TRANSLATOR_SPACE_GRAY;XIRECS;9944.0;3
909200;;;TRANSLATOR_VOID_BLUE;XIRECS;10756.0;3
913600;;;TRANSLATOR_ASTRO_BLACK;XIRECS;9566.0;3
913600;;;TRANSLATOR_ECLIPSE_CHARCOAL;XIRECS;10052.0;3
913600;;;TRANSLATOR_GRAPHITE_MIST;XIRECS;9231.0;3
913600;;;TRANSLATOR_SPACE_GRAY;XIRECS;9915.0;3
913600;;;TRANSLATOR_VOID_BLUE;XIRECS;10858.0;3
919400;;;TRANSLATOR_ASTRO_BLACK;XIRECS;9526.0;4
919400;;;TRANSLATOR_ECLIPSE_CHARCOAL;XIRECS;10040.0;4
919400;;;TRANSLATOR_GRAPHITE_MIST;XIRECS;9308.0;4
919400;;;TRANSLATOR_SPACE_GRAY;XIRECS;9854.0;4
919400;;;TRANSLATOR_VOID_BLUE;XIRECS;10733.0;4
924000;;;TRANSLATOR_ASTRO_BLACK;XIRECS;9644.0;1
924000;;;TRANSLATOR_ECLIPSE_CHARCOAL;XIRECS;10034.0;1
924000;;;TRANSLATOR_GRAPHITE_MIST;XIRECS;9309.0;1
924000;;;TRANSLATOR_SPACE_GRAY;XIRECS;9897.0;1
924000;;;TRANSLATOR_VOID_BLUE;XIRECS;10867.0;1
925700;;;TRANSLATOR_ASTRO_BLACK;XIRECS;9588.0;1
925700;;;TRANSLATOR_ECLIPSE_CHARCOAL;XIRECS;9991.0;1
925700;;;TRANSLATOR_GRAPHITE_MIST;XIRECS;9325.0;1
925700;;;TRANSLATOR_SPACE_GRAY;XIRECS;9881.0;1
925700;;;TRANSLATOR_VOID_BLUE;XIRECS;10913.0;1
928600;;;TRANSLATOR_ASTRO_BLACK;XIRECS;9553.0;4
928600;;;TRANSLATOR_ECLIPSE_CHARCOAL;XIRECS;10048.0;4
928600;;;TRANSLATOR_GRAPHITE_MIST;XIRECS;9396.0;4
928600;;;TRANSLATOR_SPACE_GRAY;XIRECS;9866.0;4
928600;;;TRANSLATOR_VOID_BLUE;XIRECS;11001.0;4
929000;;;TRANSLATOR_ASTRO_BLACK;XIRECS;9537.0;2
929000;;;TRANSLATOR_ECLIPSE_CHARCOAL;XIRECS;10067.0;2
929000;;;TRANSLATOR_GRAPHITE_MIST;XIRECS;9384.0;2
929000;;;TRANSLATOR_SPACE_GRAY;XIRECS;9858.0;2
929000;;;TRANSLATOR_VOID_BLUE;XIRECS;11026.0;2
930300;;;TRANSLATOR_ASTRO_BLACK;XIRECS;9584.0;3
930300;;;TRANSLATOR_ECLIPSE_CHARCOAL;XIRECS;10060.0;3
930300;;;TRANSLATOR_GRAPHITE_MIST;XIRECS;9309.0;3
930300;;;TRANSLATOR_SPACE_GRAY;XIRECS;9828.0;3
930300;;;TRANSLATOR_VOID_BLUE;XIRECS;10979.0;3
933700;;;TRANSLATOR_ASTRO_BLACK;XIRECS;9612.0;1
933700;;;TRANSLATOR_ECLIPSE_CHARCOAL;XIRECS;10081.0;1
933700;;;TRANSLATOR_GRAPHITE_MIST;XIRECS;9300.0;1
933700;;;TRANSLATOR_SPACE_GRAY;XIRECS;9806.0;1
933700;;;TRANSLATOR_VOID_BLUE;XIRECS;11076.0;1
936100;;;TRANSLATOR_ASTRO_BLACK;XIRECS;9606.0;3
936100;;;TRANSLATOR_ECLIPSE_CHARCOAL;XIRECS;10030.0;3
936100;;;TRANSLATOR_GRAPHITE_MIST;XIRECS;9299.0;3
936100;;;TRANSLATOR_SPACE_GRAY;XIRECS;9830.0;3
936100;;;TRANSLATOR_VOID_BLUE;XIRECS;11079.0;3
938200;;;TRANSLATOR_ASTRO_BLACK;XIRECS;9574.0;4
938200;;;TRANSLATOR_ECLIPSE_CHARCOAL;XIRECS;10053.0;4
938200;;;TRANSLATOR_GRAPHITE_MIST;XIRECS;9270.0;4
938200;;;TRANSLATOR_SPACE_GRAY;XIRECS;9881.0;4
938200;;;TRANSLATOR_VOID_BLUE;XIRECS;11028.0;4
940300;;;TRANSLATOR_ASTRO_BLACK;XIRECS;9609.0;4
940300;;;TRANSLATOR_ECLIPSE_CHARCOAL;XIRECS;10015.0;4
940300;;;TRANSLATOR_GRAPHITE_MIST;XIRECS;9300.0;4
940300;;;TRANSLATOR_SPACE_GRAY;XIRECS;9743.0;4
940300;;;TRANSLATOR_VOID_BLUE;XIRECS;11005.0;4
949400;;;TRANSLATOR_ASTRO_BLACK;XIRECS;9656.0;4
949400;;;TRANSLATOR_ECLIPSE_CHARCOAL;XIRECS;10124.0;4
949400;;;TRANSLATOR_GRAPHITE_MIST;XIRECS;9483.0;4
949400;;;TRANSLATOR_SPACE_GRAY;XIRECS;9796.0;4
949400;;;TRANSLATOR_VOID_BLUE;XIRECS;11016.0;4
958800;;;TRANSLATOR_ASTRO_BLACK;XIRECS;9661.0;2
958800;;;TRANSLATOR_ECLIPSE_CHARCOAL;XIRECS;10140.0;2
958800;;;TRANSLATOR_GRAPHITE_MIST;XIRECS;9403.0;2
958800;;;TRANSLATOR_SPACE_GRAY;XIRECS;9800.0;2
958800;;;TRANSLATOR_VOID_BLUE;XIRECS;11210.0;2
959900;;;TRANSLATOR_ASTRO_BLACK;XIRECS;9702.0;1
959900;;;TRANSLATOR_ECLIPSE_CHARCOAL;XIRECS;10148.0;1
959900;;;TRANSLATOR_GRAPHITE_MIST;XIRECS;9385.0;1
959900;;;TRANSLATOR_SPACE_GRAY;XIRECS;9848.0;1
959900;;;TRANSLATOR_VOID_BLUE;XIRECS;11272.0;1
964500;;;TRANSLATOR_ASTRO_BLACK;XIRECS;9786.0;1
964500;;;TRANSLATOR_ECLIPSE_CHARCOAL;XIRECS;10052.0;1
964500;;;TRANSLATOR_GRAPHITE_MIST;XIRECS;9471.0;1
964500;;;TRANSLATOR_SPACE_GRAY;XIRECS;9799.0;1
964500;;;TRANSLATOR_VOID_BLUE;XIRECS;11284.0;1
964700;;;TRANSLATOR_ASTRO_BLACK;XIRECS;9800.0;3
964700;;;TRANSLATOR_ECLIPSE_CHARCOAL;XIRECS;10045.0;3
964700;;;TRANSLATOR_GRAPHITE_MIST;XIRECS;9501.0;3
964700;;;TRANSLATOR_SPACE_GRAY;XIRECS;9821.0;3
964700;;;TRANSLATOR_VOID_BLUE;XIRECS;11288.0;3
973300;;;TRANSLATOR_ASTRO_BLACK;XIRECS;9820.0;3
973300;;;TRANSLATOR_ECLIPSE_CHARCOAL;XIRECS;10152.0;3
973300;;;TRANSLATOR_GRAPHITE_MIST;XIRECS;9410.0;3
973300;;;TRANSLATOR_SPACE_GRAY;XIRECS;9707.0;3
973300;;;TRANSLATOR_VOID_BLUE;XIRECS;11201.0;3
979500;;;TRANSLATOR_ASTRO_BLACK;XIRECS;9862.0;2
979500;;;TRANSLATOR_ECLIPSE_CHARCOAL;XIRECS;10241.0;2
979500;;;TRANSLATOR_GRAPHITE_MIST;XIRECS;9321.0;2
979500;;;TRANSLATOR_SPACE_GRAY;XIRECS;9732.0;2
979500;;;TRANSLATOR_VOID_BLUE;XIRECS;11210.0;2
981000;;;TRANSLATOR_ASTRO_BLACK;XIRECS;9888.0;1
981000;;;TRANSLATOR_ECLIPSE_CHARCOAL;XIRECS;10235.0;1
981000;;;TRANSLATOR_GRAPHITE_MIST;XIRECS;9305.0;1
981000;;;TRANSLATOR_SPACE_GRAY;XIRECS;9687.0;1
981000;;;TRANSLATOR_VOID_BLUE;XIRECS;11214.0;1
985000;;;TRANSLATOR_ASTRO_BLACK;XIRECS;9861.0;1
985000;;;TRANSLATOR_ECLIPSE_CHARCOAL;XIRECS;10210.0;1
985000;;;TRANSLATOR_GRAPHITE_MIST;XIRECS;9339.0;1
985000;;;TRANSLATOR_SPACE_GRAY;XIRECS;9555.0;1
985000;;;TRANSLATOR_VOID_BLUE;XIRECS;11138.0;1
986000;;;TRANSLATOR_ASTRO_BLACK;XIRECS;9863.0;4
986000;;;TRANSLATOR_ECLIPSE_CHARCOAL;XIRECS;10192.0;4
986000;;;TRANSLATOR_GRAPHITE_MIST;XIRECS;9316.0;4
986000;;;TRANSLATOR_SPACE_GRAY;XIRECS;9561.0;4
986000;;;TRANSLATOR_VOID_BLUE;XIRECS;11162.0;4
986100;;;TRANSLATOR_ASTRO_BLACK;XIRECS;9864.0;1
986100;;;TRANSLATOR_ECLIPSE_CHARCOAL;XIRECS;10185.0;1
986100;;;TRANSLATOR_GRAPHITE_MIST;XIRECS;9323.0;1
986100;;;TRANSLATOR_SPACE_GRAY;XIRECS;9549.0;1
986100;;;TRANSLATOR_VOID_BLUE;XIRECS;11148.0;1
986900;;;TRANSLATOR_ASTRO_BLACK;XIRECS;9913.0;3
986900;;;TRANSLATOR_ECLIPSE_CHARCOAL;XIRECS;10231.0;3
986900;;;TRANSLATOR_GRAPHITE_MIST;XIRECS;9292.0;3
986900;;;TRANSLATOR_SPACE_GRAY;XIRECS;9565.0;3
986900;;;TRANSLATOR_VOID_BLUE;XIRECS;11209.0;3
989700;;;TRANSLATOR_ASTRO_BLACK;XIRECS;10095.0;3
989700;;;TRANSLATOR_ECLIPSE_CHARCOAL;XIRECS;10259.0;3
989700;;;TRANSLATOR_GRAPHITE_MIST;XIRECS;9334.0;3
989700;;;TRANSLATOR_SPACE_GRAY;XIRECS;9631.0;3
989700;;;TRANSLATOR_VOID_BLUE;XIRECS;11191.0;3
990000;;;TRANSLATOR_ASTRO_BLACK;XIRECS;10112.0;2
990000;;;TRANSLATOR_ECLIPSE_CHARCOAL;XIRECS;10229.0;2
990000;;;TRANSLATOR_GRAPHITE_MIST;XIRECS;9354.0;2
990000;;;TRANSLATOR_SPACE_GRAY;XIRECS;9654.0;2
990000;;;TRANSLATOR_VOID_BLUE;XIRECS;11163.0;2
991900;;;TRANSLATOR_ASTRO_BLACK;XIRECS;10110.0;3
991900;;;TRANSLATOR_ECLIPSE_CHARCOAL;XIRECS;10274.0;3
991900;;;TRANSLATOR_GRAPHITE_MIST;XIRECS;9318.0;3
991900;;;TRANSLATOR_SPACE_GRAY;XIRECS;9657.0;3
991900;;;TRANSLATOR_VOID_BLUE;XIRECS;11181.0;3
