timestamp;buyer;seller;symbol;currency;price;quantity
1000;;;TRANSLATOR_ASTRO_BLACK;XIRECS;10164.0;2
1000;;;TRANSLATOR_ECLIPSE_CHARCOAL;XIRECS;10205.0;2
1000;;;TRANSLATOR_GRAPHITE_MIST;XIRECS;9359.0;2
1000;;;TRANSLATOR_SPACE_GRAY;XIRECS;9476.0;2
1000;;;TRANSLATOR_VOID_BLUE;XIRECS;11079.0;2
2500;;;TRANSLATOR_ASTRO_BLACK;XIRECS;10139.0;2
2500;;;TRANSLATOR_ECLIPSE_CHARCOAL;XIRECS;10210.0;2
2500;;;TRANSLATOR_GRAPHITE_MIST;XIRECS;9346.0;2
2500;;;TRANSLATOR_SPACE_GRAY;XIRECS;9449.0;2
2500;;;TRANSLATOR_VOID_BLUE;XIRECS;11074.0;2
3700;;;TRANSLATOR_ASTRO_BLACK;XIRECS;10109.0;4
3700;;;TRANSLATOR_ECLIPSE_CHARCOAL;XIRECS;10180.0;4
3700;;;TRANSLATOR_GRAPHITE_MIST;XIRECS;9392.0;4
3700;;;TRANSLATOR_SPACE_GRAY;XIRECS;9409.0;4
3700;;;TRANSLATOR_VOID_BLUE;XIRECS;11069.0;4
6700;;;TRANSLATOR_ASTRO_BLACK;XIRECS;10069.0;2
6700;;;TRANSLATOR_ECLIPSE_CHARCOAL;XIRECS;10243.0;2
6700;;;TRANSLATOR_GRAPHITE_MIST;XIRECS;9412.0;2
6700;;;TRANSLATOR_SPACE_GRAY;XIRECS;9394.0;2
6700;;;TRANSLATOR_VOID_BLUE;XIRECS;11061.0;2
22000;;;TRANSLATOR_ASTRO_BLACK;XIRECS;9849.0;2
22000;;;TRANSLATOR_ECLIPSE_CHARCOAL;XIRECS;10198.0;2
22000;;;TRANSLATOR_GRAPHITE_MIST;XIRECS;9512.0;2
22000;;;TRANSLATOR_SPACE_GRAY;XIRECS;9446.0;2
22000;;;TRANSLATOR_VOID_BLUE;XIRECS;11136.0;2
22600;;;TRANSLATOR_ASTRO_BLACK;XIRECS;9825.0;1
22600;;;TRANSLATOR_ECLIPSE_CHARCOAL;XIRECS;10197.0;1
22600;;;TRANSLATOR_GRAPHITE_MIST;XIRECS;9511.0;1
22600;;;TRANSLATOR_SPACE_GRAY;XIRECS;9454.0;1
22600;;;TRANSLATOR_VOID_BLUE;XIRECS;11159.0;1
24300;;;TRANSLATOR_ASTRO_BLACK;XIRECS;9833.0;4
24300;;;TRANSLATOR_ECLIPSE_CHARCOAL;XIRECS;10304.0;4
24300;;;TRANSLATOR_GRAPHITE_MIST;XIRECS;9534.0;4
24300;;;TRANSLATOR_SPACE_GRAY;XIRECS;9396.0;4
24300;;;TRANSLATOR_VOID_BLUE;XIRECS;11139.0;4
25600;;;TRANSLATOR_ASTRO_BLACK;XIRECS;9858.0;4
25600;;;TRANSLATOR_ECLIPSE_CHARCOAL;XIRECS;10274.0;4
25600;;;TRANSLATOR_GRAPHITE_MIST;XIRECS;9526.0;4
25600;;;TRANSLATOR_SPACE_GRAY;XIRECS;9333.0;4
25600;;;TRANSLATOR_VOID_BLUE;XIRECS;11192.0;4
26000;;;TRANSLATOR_ASTRO_BLACK;XIRECS;9846.0;2
26000;;;TRANSLATOR_ECLIPSE_CHARCOAL;XIRECS;10275.0;2
26000;;;TRANSLATOR_GRAPHITE_MIST;XIRECS;9534.0;2
26000;;;TRANSLATOR_SPACE_GRAY;XIRECS;9330.0;2
26000;;;TRANSLATOR_VOID_BLUE;XIRECS;11173.0;2
27400;;;TRANSLATOR_ASTRO_BLACK;XIRECS;9868.0;1
27400;;;TRANSLATOR_ECLIPSE_CHARCOAL;XIRECS;10260.0;1
27400;;;TRANSLATOR_GRAPHITE_MIST;XIRECS;9504.0;1
27400;;;TRANSLATOR_SPACE_GRAY;XIRECS;9375.0;1
27400;;;TRANSLATOR_VOID_BLUE;XIRECS;11158.0;1
37000;;;TRANSLATOR_ASTRO_BLACK;XIRECS;9935.0;4
37000;;;TRANSLATOR_ECLIPSE_CHARCOAL;XIRECS;10202.0;4
37000;;;TRANSLATOR_GRAPHITE_MIST;XIRECS;9559.0;4
37000;;;TRANSLATOR_SPACE_GRAY;XIRECS;9289.0;4
37000;;;TRANSLATOR_VOID_BLUE;XIRECS;11329.0;4
44000;;;TRANSLATOR_ASTRO_BLACK;XIRECS;9850.0;3
44000;;;TRANSLATOR_ECLIPSE_CHARCOAL;XIRECS;10171.0;3
44000;;;TRANSLATOR_GRAPHITE_MIST;XIRECS;9638.0;3
44000;;;TRANSLATOR_SPACE_GRAY;XIRECS;9255.0;3
44000;;;TRANSLATOR_VOID_BLUE;XIRECS;11121.0;3
52700;;;TRANSLATOR_ASTRO_BLACK;XIRECS;9932.0;4
52700;;;TRANSLATOR_ECLIPSE_CHARCOAL;XIRECS;10394.0;4
52700;;;TRANSLATOR_GRAPHITE_MIST;XIRECS;9592.0;4
52700;;;TRANSLATOR_SPACE_GRAY;XIRECS;9164.0;4
52700;;;TRANSLATOR_VOID_BLUE;XIRECS;11078.0;4
56400;;;TRANSLATOR_ASTRO_BLACK;XIRECS;9914.0;1
56400;;;TRANSLATOR_ECLIPSE_CHARCOAL;XIRECS;10352.0;1
56400;;;TRANSLATOR_GRAPHITE_MIST;XIRECS;9672.0;1
56400;;;TRANSLATOR_SPACE_GRAY;XIRECS;9090.0;1
56400;;;TRANSLATOR_VOID_BLUE;XIRECS;11103.0;1
58800;;;TRANSLATOR_ASTRO_BLACK;XIRECS;9952.0;2
58800;;;TRANSLATOR_ECLIPSE_CHARCOAL;XIRECS;10389.0;2
58800;;;TRANSLATOR_GRAPHITE_MIST;XIRECS;9689.0;2
58800;;;TRANSLATOR_SPACE_GRAY;XIRECS;9118.0;2
58800;;;TRANSLATOR_VOID_BLUE;XIRECS;11164.0;2
61700;;;TRANSLATOR_ASTRO_BLACK;XIRECS;9959.0;3
61700;;;TRANSLATOR_ECLIPSE_CHARCOAL;XIRECS;10419.0;3
61700;;;TRANSLATOR_GRAPHITE_MIST;XIRECS;9736.0;3
61700;;;TRANSLATOR_SPACE_GRAY;XIRECS;9174.0;3
61700;;;TRANSLATOR_VOID_BLUE;XIRECS;11143.0;3
66900;;;TRANSLATOR_ASTRO_BLACK;XIRECS;9976.0;4
66900;;;TRANSLATOR_ECLIPSE_CHARCOAL;XIRECS;10503.0;4
66900;;;TRANSLATOR_GRAPHITE_MIST;XIRECS;9760.0;4
66900;;;TRANSLATOR_SPACE_GRAY;XIRECS;9218.0;4
66900;;;TRANSLATOR_VOID_BLUE;XIRECS;11174.0;4
72500;;;TRANSLATOR_ASTRO_BLACK;XIRECS;9830.0;4
72500;;;TRANSLATOR_ECLIPSE_CHARCOAL;XIRECS;10426.0;4
72500;;;TRANSLATOR_GRAPHITE_MIST;XIRECS;9736.0;4
72500;;;TRANSLATOR_SPACE_GRAY;XIRECS;9277.0;4
72500;;;TRANSLATOR_VOID_BLUE;XIRECS;11354.0;4
73700;;;TRANSLATOR_ASTRO_BLACK;XIRECS;9832.0;4
73700;;;TRANSLATOR_ECLIPSE_CHARCOAL;XIRECS;10441.0;4
73700;;;TRANSLATOR_GRAPHITE_MIST;XIRECS;9728.0;4
73700;;;TRANSLATOR_SPACE_GRAY;XIRECS;9263.0;4
73700;;;TRANSLATOR_VOID_BLUE;XIRECS;11327.0;4
74200;;;TRANSLATOR_ASTRO_BLACK;XIRECS;9820.0;2
74200;;;TRANSLATOR_ECLIPSE_CHARCOAL;XIRECS;10413.0;2
74200;;;TRANSLATOR_GRAPHITE_MIST;XIRECS;9723.0;2
74200;;;TRANSLATOR_SPACE_GRAY;XIRECS;9274.0;2
74200;;;TRANSLATOR_VOID_BLUE;XIRECS;11338.0;2
75200;;;TRANSLATOR_ASTRO_BLACK;XIRECS;9846.0;4
75200;;;TRANSLATOR_ECLIPSE_CHARCOAL;XIRECS;10406.0;4
75200;;;TRANSLATOR_GRAPHITE_MIST;XIRECS;9714.0;4
75200;;;TRANSLATOR_SPACE_GRAY;XIRECS;9251.0;4
75200;;;TRANSLATOR_VOID_BLUE;XIRECS;11403.0;4
78100;;;TRANSLATOR_ASTRO_BLACK;XIRECS;9832.0;3
78100;;;TRANSLATOR_ECLIPSE_CHARCOAL;XIRECS;10319.0;3
78100;;;TRANSLATOR_GRAPHITE_MIST;XIRECS;9671.0;3
78100;;;TRANSLATOR_SPACE_GRAY;XIRECS;9273.0;3
78100;;;TRANSLATOR_VOID_BLUE;XIRECS;11445.0;3
80300;;;TRANSLATOR_ASTRO_BLACK;XIRECS;9821.0;1
80300;;;TRANSLATOR_ECLIPSE_CHARCOAL;XIRECS;10377.0;1
80300;;;TRANSLATOR_GRAPHITE_MIST;XIRECS;9754.0;1
80300;;;TRANSLATOR_SPACE_GRAY;XIRECS;9355.0;1
80300;;;TRANSLATOR_VOID_BLUE;XIRECS;11352.0;1
86800;;;TRANSLATOR_ASTRO_BLACK;XIRECS;9788.0;3
86800;;;TRANSLATOR_ECLIPSE_CHARCOAL;XIRECS;10359.0;3
86800;;;TRANSLATOR_GRAPHITE_MIST;XIRECS;9638.0;3
86800;;;TRANSLATOR_SPACE_GRAY;XIRECS;9271.0;3
86800;;;TRANSLATOR_VOID_BLUE;XIRECS;11358.0;3
91500;;;TRANSLATOR_ASTRO_BLACK;XIRECS;9666.0;4
91500;;;TRANSLATOR_ECLIPSE_CHARCOAL;XIRECS;10341.0;4
91500;;;TRANSLATOR_GRAPHITE_MIST;XIRECS;9696.0;4
91500;;;TRANSLATOR_SPACE_GRAY;XIRECS;9280.0;4
91500;;;TRANSLATOR_VOID_BLUE;XIRECS;11344.0;4
92200;;;TRANSLATOR_ASTRO_BLACK;XIRECS;9671.0;3
92200;;;TRANSLATOR_ECLIPSE_CHARCOAL;XIRECS;10318.0;3
92200;;;TRANSLATOR_GRAPHITE_MIST;XIRECS;9686.0;3
92200;;;TRANSLATOR_SPACE_GRAY;XIRECS;9272.0;3
92200;;;TRANSLATOR_VOID_BLUE;XIRECS;11332.0;3
94700;;;TRANSLATOR_ASTRO_BLACK;XIRECS;9660.0;1
94700;;;TRANSLATOR_ECLIPSE_CHARCOAL;XIRECS;10364.0;1
94700;;;TRANSLATOR_GRAPHITE_MIST;XIRECS;9737.0;1
94700;;;TRANSLATOR_SPACE_GRAY;XIRECS;9245.0;1
94700;;;TRANSLATOR_VOID_BLUE;XIRECS;11380.0;1
104000;;;TRANSLATOR_ASTRO_BLACK;XIRECS;9591.0;1
104000;;;TRANSLATOR_ECLIPSE_CHARCOAL;XIRECS;10258.0;1
104000;;;TRANSLATOR_GRAPHITE_MIST;XIRECS;9765.0;1
104000;;;TRANSLATOR_SPACE_GRAY;XIRECS;9225.0;1
104000;;;TRANSLATOR_VOID_BLUE;XIRECS;11471.0;1
104600;;;TRANSLATOR_ASTRO_BLACK;XIRECS;9584.0;1
104600;;;TRANSLATOR_ECLIPSE_CHARCOAL;XIRECS;10300.0;1
104600;;;TRANSLATOR_GRAPHITE_MIST;XIRECS;9761.0;1
104600;;;TRANSLATOR_SPACE_GRAY;XIRECS;9247.0;1
104600;;;TRANSLATOR_VOID_BLUE;XIRECS;11490.0;1
104900;;;TRANSLATOR_ASTRO_BLACK;XIRECS;9587.0;1
104900;;;TRANSLATOR_ECLIPSE_CHARCOAL;XIRECS;10294.0;1
104900;;;TRANSLATOR_GRAPHITE_MIST;XIRECS;9771.0;1
104900;;;TRANSLATOR_SPACE_GRAY;XIRECS;9249.0;1
104900;;;TRANSLATOR_VOID_BLUE;XIRECS;11499.0;1
119400;;;TRANSLATOR_ASTRO_BLACK;XIRECS;9630.0;4
119400;;;TRANSLATOR_ECLIPSE_CHARCOAL;XIRECS;10390.0;4
119400;;;TRANSLATOR_GRAPHITE_MIST;XIRECS;9774.0;4
119400;;;TRANSLATOR_SPACE_GRAY;XIRECS;9175.0;4
119400;;;TRANSLATOR_VOID_BLUE;XIRECS;11387.0;4
121900;;;TRANSLATOR_ASTRO_BLACK;XIRECS;9592.0;4
121900;;;TRANSLATOR_ECLIPSE_CHARCOAL;XIRECS;10353.0;4
121900;;;TRANSLATOR_GRAPHITE_MIST;XIRECS;9754.0;4
121900;;;TRANSLATOR_SPACE_GRAY;XIRECS;9155.0;4
121900;;;TRANSLATOR_VOID_BLUE;XIRECS;11431.0;4
122300;;;TRANSLATOR_ASTRO_BLACK;XIRECS;9648.0;1
122300;;;TRANSLATOR_ECLIPSE_CHARCOAL;XIRECS;10335.0;1
122300;;;TRANSLATOR_GRAPHITE_MIST;XIRECS;9792.0;1
122300;;;TRANSLATOR_SPACE_GRAY;XIRECS;9145.0;1
122300;;;TRANSLATOR_VOID_BLUE;XIRECS;11410.0;1
139800;;;TRANSLATOR_ASTRO_BLACK;XIRECS;9491.0;4
139800;;;TRANSLATOR_ECLIPSE_CHARCOAL;XIRECS;10410.0;4
139800;;;TRANSLATOR_GRAPHITE_MIST;XIRECS;9787.0;4
139800;;;TRANSLATOR_SPACE_GRAY;XIRECS;9114.0;4
139800;;;TRANSLATOR_VOID_BLUE;XIRECS;11531.0;4
151700;;;TRANSLATOR_ASTRO_BLACK;XIRECS;9295.0;3
151700;;;TRANSLATOR_ECLIPSE_CHARCOAL;XIRECS;10328.0;3
151700;;;TRANSLATOR_GRAPHITE_MIST;XIRECS;9760.0;3
151700;;;TRANSLATOR_SPACE_GRAY;XIRECS;8967.0;3
151700;;;TRANSLATOR_VOID_BLUE;XIRECS;11572.0;3
158600;;;TRANSLATOR_ASTRO_BLACK;XIRECS;9436.0;3
158600;;;TRANSLATOR_ECLIPSE_CHARCOAL;XIRECS;10186.0;3
158600;;;TRANSLATOR_GRAPHITE_MIST;XIRECS;9676.0;3
158600;;;TRANSLATOR_SPACE_GRAY;XIRECS;9011.0;3
158600;;;TRANSLATOR_VOID_BLUE;XIRECS;11561.0;3
159300;;;TRANSLATOR_ASTRO_BLACK;XIRECS;9447.0;4
159300;;;TRANSLATOR_ECLIPSE_CHARCOAL;XIRECS;10200.0;4
159300;;;TRANSLATOR_GRAPHITE_MIST;XIRECS;9678.0;4
159300;;;TRANSLATOR_SPACE_GRAY;XIRECS;8996.0;4
159300;;;TRANSLATOR_VOID_BLUE;XIRECS;11589.0;4
161400;;;TRANSLATOR_ASTRO_BLACK;XIRECS;9371.0;2
161400;;;TRANSLATOR_ECLIPSE_CHARCOAL;XIRECS;10213.0;2
161400;;;TRANSLATOR_GRAPHITE_MIST;XIRECS;9627.0;2
161400;;;TRANSLATOR_SPACE_GRAY;XIRECS;8982.0;2
161400;;;TRANSLATOR_VOID_BLUE;XIRECS;11584.0;2
165900;;;TRANSLATOR_ASTRO_BLACK;XIRECS;9445.0;1
165900;;;TRANSLATOR_ECLIPSE_CHARCOAL;XIRECS;10296.0;1
165900;;;TRANSLATOR_GRAPHITE_MIST;XIRECS;9479.0;1
165900;;;TRANSLATOR_SPACE_GRAY;XIRECS;8959.0;1
165900;;;TRANSLATOR_VOID_BLUE;XIRECS;11487.0;1
166100;;;TRANSLATOR_ASTRO_BLACK;XIRECS;9438.0;2
166100;;;TRANSLATOR_ECLIPSE_CHARCOAL;XIRECS;10313.0;2
166100;;;TRANSLATOR_GRAPHITE_MIST;XIRECS;9479.0;2
166100;;;TRANSLATOR_SPACE_GRAY;XIRECS;8951.0;2
166100;;;TRANSLATOR_VOID_BLUE;XIRECS;11499.0;2
167100;;;TRANSLATOR_ASTRO_BLACK;XIRECS;9380.0;4
167100;;;TRANSLATOR_ECLIPSE_CHARCOAL;XIRECS;10316.0;4
167100;;;TRANSLATOR_GRAPHITE_MIST;XIRECS;9502.0;4
167100;;;TRANSLATOR_SPACE_GRAY;XIRECS;8940.0;4
167100;;;TRANSLATOR_VOID_BLUE;XIRECS;11472.0;4
168800;;;TRANSLATOR_ASTRO_BLACK;XIRECS;9349.0;3
168800;;;TRANSLATOR_ECLIPSE_CHARCOAL;XIRECS;10400.0;3
168800;;;TRANSLATOR_GRAPHITE_MIST;XIRECS;9504.0;3
168800;;;TRANSLATOR_SPACE_GRAY;XIRECS;8955.0;3
168800;;;TRANSLATOR_VOID_BLUE;XIRECS;11433.0;3
170700;;;TRANSLATOR_ASTRO_BLACK;XIRECS;9316.0;4
170700;;;TRANSLATOR_ECLIPSE_CHARCOAL;XIRECS;10392.0;4
170700;;;TRANSLATOR_GRAPHITE_MIST;XIRECS;9510.0;4
170700;;;TRANSLATOR_SPACE_GRAY;XIRECS;8972.0;4
170700;;;TRANSLATOR_VOID_BLUE;XIRECS;11440.0;4
171600;;;TRANSLATOR_ASTRO_BLACK;XIRECS;9321.0;1
171600;;;TRANSLATOR_ECLIPSE_CHARCOAL;XIRECS;10412.0;1
171600;;;TRANSLATOR_GRAPHITE_MIST;XIRECS;9570.0;1
171600;;;TRANSLATOR_SPACE_GRAY;XIRECS;9006.0;1
171600;;;TRANSLATOR_VOID_BLUE;XIRECS;11508.0;1
174100;;;TRANSLATOR_ASTRO_BLACK;XIRECS;9354.0;2
174100;;;TRANSLATOR_ECLIPSE_CHARCOAL;XIRECS;10438.0;2
174100;;;TRANSLATOR_GRAPHITE_MIST;XIRECS;9560.0;2
174100;;;TRANSLATOR_SPACE_GRAY;XIRECS;8976.0;2
174100;;;TRANSLATOR_VOID_BLUE;XIRECS;11482.0;2
181100;;;TRANSLATOR_ASTRO_BLACK;XIRECS;9355.0;3
181100;;;TRANSLATOR_ECLIPSE_CHARCOAL;XIRECS;10409.0;3
181100;;;TRANSLATOR_GRAPHITE_MIST;XIRECS;9532.0;3
181100;;;TRANSLATOR_SPACE_GRAY;XIRECS;9017.0;3
181100;;;TRANSLATOR_VOID_BLUE;XIRECS;11317.0;3
182000;;;TRANSLATOR_ASTRO_BLACK;XIRECS;9350.0;1
182000;;;TRANSLATOR_ECLIPSE_CHARCOAL;XIRECS;10361.0;1
182000;;;TRANSLATOR_GRAPHITE_MIST;XIRECS;9603.0;1
182000;;;TRANSLATOR_SPACE_GRAY;XIRECS;8993.0;1
182000;;;TRANSLATOR_VOID_BLUE;XIRECS;11291.0;1
183600;;;TRANSLATOR_ASTRO_BLACK;XIRECS;9327.0;4
183600;;;TRANSLATOR_ECLIPSE_CHARCOAL;XIRECS;10328.0;4
183600;;;TRANSLATOR_GRAPHITE_MIST;XIRECS;9609.0;4
183600;;;TRANSLATOR_SPACE_GRAY;XIRECS;9044.0;4
183600;;;TRANSLATOR_VOID_BLUE;XIRECS;11365.0;4
200900;;;TRANSLATOR_ASTRO_BLACK;XIRECS;9400.0;2
200900;;;TRANSLATOR_ECLIPSE_CHARCOAL;XIRECS;10339.0;2
200900;;;TRANSLATOR_GRAPHITE_MIST;XIRECS;9727.0;2
200900;;;TRANSLATOR_SPACE_GRAY;XIRECS;8963.0;2
200900;;;TRANSLATOR_VOID_BLUE;XIRECS;11246.0;2
206700;;;TRANSLATOR_ASTRO_BLACK;XIRECS;9368.0;2
206700;;;TRANSLATOR_ECLIPSE_CHARCOAL;XIRECS;10433.0;2
206700;;;TRANSLATOR_GRAPHITE_MIST;XIRECS;9706.0;2
206700;;;TRANSLATOR_SPACE_GRAY;XIRECS;9015.0;2
206700;;;TRANSLATOR_VOID_BLUE;XIRECS;11311.0;2
207900;;;TRANSLATOR_ASTRO_BLACK;XIRECS;9353.0;3
207900;;;TRANSLATOR_ECLIPSE_CHARCOAL;XIRECS;10353.0;3
207900;;;TRANSLATOR_GRAPHITE_MIST;XIRECS;9776.0;3
207900;;;TRANSLATOR_SPACE_GRAY;XIRECS;9020.0;3
207900;;;TRANSLATOR_VOID_BLUE;XIRECS;11261.0;3
216900;;;TRANSLATOR_ASTRO_BLACK;XIRECS;9316.0;2
216900;;;TRANSLATOR_ECLIPSE_CHARCOAL;XIRECS;10540.0;2
216900;;;TRANSLATOR_GRAPHITE_MIST;XIRECS;9878.0;2
216900;;;TRANSLATOR_SPACE_GRAY;XIRECS;9096.0;2
216900;;;TRANSLATOR_VOID_BLUE;XIRECS;11209.0;2
224200;;;TRANSLATOR_ASTRO_BLACK;XIRECS;9441.0;1
224200;;;TRANSLATOR_ECLIPSE_CHARCOAL;XIRECS;10456.0;1
224200;;;TRANSLATOR_GRAPHITE_MIST;XIRECS;9954.0;1
224200;;;TRANSLATOR_SPACE_GRAY;XIRECS;8977.0;1
224200;;;TRANSLATOR_VOID_BLUE;XIRECS;11076.0;1
228100;;;TRANSLATOR_ASTRO_BLACK;XIRECS;9302.0;4
228100;;;TRANSLATOR_ECLIPSE_CHARCOAL;XIRECS;10410.0;4
228100;;;TRANSLATOR_GRAPHITE_MIST;XIRECS;9923.0;4
228100;;;TRANSLATOR_SPACE_GRAY;XIRECS;9024.0;4
228100;;;TRANSLATOR_VOID_BLUE;XIRECS;11055.0;4
230300;;;TRANSLATOR_ASTRO_BLACK;XIRECS;9327.0;1
230300;;;TRANSLATOR_ECLIPSE_CHARCOAL;XIRECS;10441.0;1
230300;;;TRANSLATOR_GRAPHITE_MIST;XIRECS;9846.0;1
230300;;;TRANSLATOR_SPACE_GRAY;XIRECS;9056.0;1
230300;;;TRANSLATOR_VOID_BLUE;XIRECS;10962.0;1
230400;;;TRANSLATOR_ASTRO_BLACK;XIRECS;9333.0;4
230400;;;TRANSLATOR_ECLIPSE_CHARCOAL;XIRECS;10435.0;4
230400;;;TRANSLATOR_GRAPHITE_MIST;XIRECS;9856.0;4
230400;;;TRANSLATOR_SPACE_GRAY;XIRECS;9055.0;4
230400;;;TRANSLATOR_VOID_BLUE;XIRECS;10967.0;4
234600;;;TRANSLATOR_ASTRO_BLACK;XIRECS;9240.0;1
234600;;;TRANSLATOR_ECLIPSE_CHARCOAL;XIRECS;10443.0;1
234600;;;TRANSLATOR_GRAPHITE_MIST;XIRECS;9878.0;1
234600;;;TRANSLATOR_SPACE_GRAY;XIRECS;9054.0;1
234600;;;TRANSLATOR_VOID_BLUE;XIRECS;11006.0;1
239800;;;TRANSLATOR_ASTRO_BLACK;XIRECS;9244.0;4
239800;;;TRANSLATOR_ECLIPSE_CHARCOAL;XIRECS;10548.0;4
239800;;;TRANSLATOR_GRAPHITE_MIST;XIRECS;9888.0;4
239800;;;TRANSLATOR_SPACE_GRAY;XIRECS;9027.0;4
239800;;;TRANSLATOR_VOID_BLUE;XIRECS;11037.0;4
248800;;;TRANSLATOR_ASTRO_BLACK;XIRECS;9192.0;2
248800;;;TRANSLATOR_ECLIPSE_CHARCOAL;XIRECS;10497.0;2
248800;;;TRANSLATOR_GRAPHITE_MIST;XIRECS;9865.0;2
248800;;;TRANSLATOR_SPACE_GRAY;XIRECS;8958.0;2
248800;;;TRANSLATOR_VOID_BLUE;XIRECS;11068.0;2
251100;;;TRANSLATOR_ASTRO_BLACK;XIRECS;9157.0;1
251100;;;TRANSLATOR_ECLIPSE_CHARCOAL;XIRECS;10452.0;1
251100;;;TRANSLATOR_GRAPHITE_MIST;XIRECS;9860.0;1
251100;;;TRANSLATOR_SPACE_GRAY;XIRECS;8970.0;1
251100;;;TRANSLATOR_VOID_BLUE;XIRECS;11039.0;1
251300;;;TRANSLATOR_ASTRO_BLACK;XIRECS;9191.0;3
251300;;;TRANSLATOR_ECLIPSE_CHARCOAL;XIRECS;10452.0;3
251300;;;TRANSLATOR_GRAPHITE_MIST;XIRECS;9848.0;3
251300;;;TRANSLATOR_SPACE_GRAY;XIRECS;8972.0;3
251300;;;TRANSLATOR_VOID_BLUE;XIRECS;11055.0;3
254400;;;TRANSLATOR_ASTRO_BLACK;XIRECS;9249.0;1
254400;;;TRANSLATOR_ECLIPSE_CHARCOAL;XIRECS;10406.0;1
254400;;;TRANSLATOR_GRAPHITE_MIST;XIRECS;9790.0;1
254400;;;TRANSLATOR_SPACE_GRAY;XIRECS;8910.0;1
254400;;;TRANSLATOR_VOID_BLUE;XIRECS;11021.0;1
256300;;;TRANSLATOR_ASTRO_BLACK;XIRECS;9238.0;4
256300;;;TRANSLATOR_ECLIPSE_CHARCOAL;XIRECS;10463.0;4
256300;;;TRANSLATOR_GRAPHITE_MIST;XIRECS;9763.0;4
256300;;;TRANSLATOR_SPACE_GRAY;XIRECS;8902.0;4
256300;;;TRANSLATOR_VOID_BLUE;XIRECS;10991.0;4
256800;;;TRANSLATOR_ASTRO_BLACK;XIRECS;9259.0;4
256800;;;TRANSLATOR_ECLIPSE_CHARCOAL;XIRECS;10463.0;4
256800;;;TRANSLATOR_GRAPHITE_MIST;XIRECS;9768.0;4
256800;;;TRANSLATOR_SPACE_GRAY;XIRECS;8913.0;4
256800;;;TRANSLATOR_VOID_BLUE;XIRECS;11019.0;4
259300;;;TRANSLATOR_ASTRO_BLACK;XIRECS;9296.0;1
259300;;;TRANSLATOR_ECLIPSE_CHARCOAL;XIRECS;10511.0;1
259300;;;TRANSLATOR_GRAPHITE_MIST;XIRECS;9772.0;1
259300;;;TRANSLATOR_SPACE_GRAY;XIRECS;8944.0;1
259300;;;TRANSLATOR_VOID_BLUE;XIRECS;10989.0;1
263500;;;TRANSLATOR_ASTRO_BLACK;XIRECS;9270.0;4
263500;;;TRANSLATOR_ECLIPSE_CHARCOAL;XIRECS;10639.0;4
263500;;;TRANSLATOR_GRAPHITE_MIST;XIRECS;9686.0;4
263500;;;TRANSLATOR_SPACE_GRAY;XIRECS;8921.0;4
263500;;;TRANSLATOR_VOID_BLUE;XIRECS;10889.0;4
265200;;;TRANSLATOR_ASTRO_BLACK;XIRECS;9202.0;4
265200;;;TRANSLATOR_ECLIPSE_CHARCOAL;XIRECS;10624.0;4
265200;;;TRANSLATOR_GRAPHITE_MIST;XIRECS;9660.0;4
265200;;;TRANSLATOR_SPACE_GRAY;XIRECS;9043.0;4
265200;;;TRANSLATOR_VOID_BLUE;XIRECS;10872.0;4
266500;;;TRANSLATOR_ASTRO_BLACK;XIRECS;9164.0;4
266500;;;TRANSLATOR_ECLIPSE_CHARCOAL;XIRECS;10555.0;4
266500;;;TRANSLATOR_GRAPHITE_MIST;XIRECS;9648.0;4
266500;;;TRANSLATOR_SPACE_GRAY;XIRECS;9116.0;4
266500;;;TRANSLATOR_VOID_BLUE;XIRECS;10812.0;4
270700;;;TRANSLATOR_ASTRO_BLACK;XIRECS;9119.0;2
270700;;;TRANSLATOR_ECLIPSE_CHARCOAL;XIRECS;10656.0;2
270700;;;TRANSLATOR_GRAPHITE_MIST;XIRECS;9792.0;2
270700;;;TRANSLATOR_SPACE_GRAY;XIRECS;9131.0;2
270700;;;TRANSLATOR_VOID_BLUE;XIRECS;10811.0;2
288000;;;TRANSLATOR_ASTRO_BLACK;XIRECS;9154.0;2
288000;;;TRANSLATOR_ECLIPSE_CHARCOAL;XIRECS;10447.0;2
288000;;;TRANSLATOR_GRAPHITE_MIST;XIRECS;9743.0;2
288000;;;TRANSLATOR_SPACE_GRAY;XIRECS;9280.0;2
288000;;;TRANSLATOR_VOID_BLUE;XIRECS;10788.0;2
291200;;;TRANSLATOR_ASTRO_BLACK;XIRECS;9210.0;2
291200;;;TRANSLATOR_ECLIPSE_CHARCOAL;XIRECS;10325.0;2
291200;;;TRANSLATOR_GRAPHITE_MIST;XIRECS;9761.0;2
291200;;;TRANSLATOR_SPACE_GRAY;XIRECS;9258.0;2
291200;;;TRANSLATOR_VOID_BLUE;XIRECS;10818.0;2
302000;;;TRANSLATOR_ASTRO_BLACK;XIRECS;9079.0;3
302000;;;TRANSLATOR_ECLIPSE_CHARCOAL;XIRECS;10210.0;3
302000;;;TRANSLATOR_GRAPHITE_MIST;XIRECS;9596.0;3
302000;;;TRANSLATOR_SPACE_GRAY;XIRECS;9403.0;3
302000;;;TRANSLATOR_VOID_BLUE;XIRECS;11024.0;3
311700;;;TRANSLATOR_ASTRO_BLACK;XIRECS;8982.0;4
311700;;;TRANSLATOR_ECLIPSE_CHARCOAL;XIRECS;10239.0;4
311700;;;TRANSLATOR_GRAPHITE_MIST;XIRECS;9511.0;4
311700;;;TRANSLATOR_SPACE_GRAY;XIRECS;9474.0;4
311700;;;TRANSLATOR_VOID_BLUE;XIRECS;10947.0;4
312000;;;TRANSLATOR_ASTRO_BLACK;XIRECS;8980.0;3
312000;;;TRANSLATOR_ECLIPSE_CHARCOAL;XIRECS;10195.0;3
312000;;;TRANSLATOR_GRAPHITE_MIST;XIRECS;9535.0;3
312000;;;TRANSLATOR_SPACE_GRAY;XIRECS;9506.0;3
312000;;;TRANSLATOR_VOID_BLUE;XIRECS;10956.0;3
323100;;;TRANSLATOR_ASTRO_BLACK;XIRECS;8944.0;4
323100;;;TRANSLATOR_ECLIPSE_CHARCOAL;XIRECS;10273.0;4
323100;;;TRANSLATOR_GRAPHITE_MIST;XIRECS;9609.0;4
323100;;;TRANSLATOR_SPACE_GRAY;XIRECS;9484.0;4
323100;;;TRANSLATOR_VOID_BLUE;XIRECS;11182.0;4
333300;;;TRANSLATOR_ASTRO_BLACK;XIRECS;8907.0;3
333300;;;TRANSLATOR_ECLIPSE_CHARCOAL;XIRECS;10221.0;3
333300;;;TRANSLATOR_GRAPHITE_MIST;XIRECS;9709.0;3
333300;;;TRANSLATOR_SPACE_GRAY;XIRECS;9610.0;3
333300;;;TRANSLATOR_VOID_BLUE;XIRECS;11279.0;3
333900;;;TRANSLATOR_ASTRO_BLACK;XIRECS;8900.0;2
333900;;;TRANSLATOR_ECLIPSE_CHARCOAL;XIRECS;10231.0;2
333900;;;TRANSLATOR_GRAPHITE_MIST;XIRECS;9711.0;2
333900;;;TRANSLATOR_SPACE_GRAY;XIRECS;9612.0;2
333900;;;TRANSLATOR_VOID_BLUE;XIRECS;11310.0;2
338900;;;TRANSLATOR_ASTRO_BLACK;XIRECS;8941.0;4
338900;;;TRANSLATOR_ECLIPSE_CHARCOAL;XIRECS;10199.0;4
338900;;;TRANSLATOR_GRAPHITE_MIST;XIRECS;9639.0;4
338900;;;TRANSLATOR_SPACE_GRAY;XIRECS;9601.0;4
338900;;;TRANSLATOR_VOID_BLUE;XIRECS;11306.0;4
339700;;;TRANSLATOR_ASTRO_BLACK;XIRECS;8931.0;2
339700;;;TRANSLATOR_ECLIPSE_CHARCOAL;XIRECS;10190.0;2
339700;;;TRANSLATOR_GRAPHITE_MIST;XIRECS;9608.0;2
339700;;;TRANSLATOR_SPACE_GRAY;XIRECS;9598.0;2
339700;;;TRANSLATOR_VOID_BLUE;XIRECS;11325.0;2
350000;;;TRANSLATOR_ASTRO_BLACK;XIRECS;8843.0;2
350000;;;TRANSLATOR_ECLIPSE_CHARCOAL;XIRECS;10137.0;2
350000;;;TRANSLATOR_GRAPHITE_MIST;XIRECS;9693.0;2
350000;;;TRANSLATOR_SPACE_GRAY;XIRECS;9512.0;2
350000;;;TRANSLATOR_VOID_BLUE;XIRECS;11243.0;2
350500;;;TRANSLATOR_ASTRO_BLACK;XIRECS;8819.0;4
350500;;;TRANSLATOR_ECLIPSE_CHARCOAL;XIRECS;10142.0;4
350500;;;TRANSLATOR_GRAPHITE_MIST;XIRECS;9703.0;4
350500;;;TRANSLATOR_SPACE_GRAY;XIRECS;9500.0;4
350500;;;TRANSLATOR_VOID_BLUE;XIRECS;11236.0;4
355000;;;TRANSLATOR_ASTRO_BLACK;XIRECS;8827.0;1
355000;;;TRANSLATOR_ECLIPSE_CHARCOAL;XIRECS;10120.0;1
355000;;;TRANSLATOR_GRAPHITE_MIST;XIRECS;9725.0;1
355000;;;TRANSLATOR_SPACE_GRAY;XIRECS;9604.0;1
355000;;;TRANSLATOR_VOID_BLUE;XIRECS;11194.0;1
355600;;;TRANSLATOR_ASTRO_BLACK;XIRECS;8859.0;4
355600;;;TRANSLATOR_ECLIPSE_CHARCOAL;XIRECS;10085.0;4
355600;;;TRANSLATOR_GRAPHITE_MIST;XIRECS;9721.0;4
355600;;;TRANSLATOR_SPACE_GRAY;XIRECS;9566.0;4
355600;;;TRANSLATOR_VOID_BLUE;XIRECS;11164.0;4
355800;;;TRANSLATOR_ASTRO_BLACK;XIRECS;8824.0;1
355800;;;TRANSLATOR_ECLIPSE_CHARCOAL;XIRECS;10080.0;1
355800;;;TRANSLATOR_GRAPHITE_MIST;XIRECS;9729.0;1
355800;;;TRANSLATOR_SPACE_GRAY;XIRECS;9540.0;1
355800;;;TRANSLATOR_VOID_BLUE;XIRECS;11156.0;1
358500;;;TRANSLATOR_ASTRO_BLACK;XIRECS;8830.0;4
358500;;;TRANSLATOR_ECLIPSE_CHARCOAL;XIRECS;10043.0;4
358500;;;TRANSLATOR_GRAPHITE_MIST;XIRECS;9714.0;4
358500;;;TRANSLATOR_SPACE_GRAY;XIRECS;9555.0;4
358500;;;TRANSLATOR_VOID_BLUE;XIRECS;11211.0;4
360000;;;TRANSLATOR_ASTRO_BLACK;XIRECS;8825.0;4
360000;;;TRANSLATOR_ECLIPSE_CHARCOAL;XIRECS;10069.0;4
360000;;;TRANSLATOR_GRAPHITE_MIST;XIRECS;9737.0;4
360000;;;TRANSLATOR_SPACE_GRAY;XIRECS;9554.0;4
360000;;;TRANSLATOR_VOID_BLUE;XIRECS;11212.0;4
362400;;;TRANSLATOR_ASTRO_BLACK;XIRECS;8843.0;2
362400;;;TRANSLATOR_ECLIPSE_CHARCOAL;XIRECS;10141.0;2
362400;;;TRANSLATOR_GRAPHITE_MIST;XIRECS;9789.0;2
362400;;;TRANSLATOR_SPACE_GRAY;XIRECS;9614.0;2
362400;;;TRANSLATOR_VOID_BLUE;XIRECS;11271.0;2
363600;;;TRANSLATOR_ASTRO_BLACK;XIRECS;8869.0;1
363600;;;TRANSLATOR_ECLIPSE_CHARCOAL;XIRECS;10148.0;1
363600;;;TRANSLATOR_GRAPHITE_MIST;XIRECS;9747.0;1
363600;;;TRANSLATOR_SPACE_GRAY;XIRECS;9572.0;1
363600;;;TRANSLATOR_VOID_BLUE;XIRECS;11254.0;1
368700;;;TRANSLATOR_ASTRO_BLACK;XIRECS;8800.0;3
368700;;;TRANSLATOR_ECLIPSE_CHARCOAL;XIRECS;10188.0;3
368700;;;TRANSLATOR_GRAPHITE_MIST;XIRECS;9817.0;3
368700;;;TRANSLATOR_SPACE_GRAY;XIRECS;9598.0;3
368700;;;TRANSLATOR_VOID_BLUE;XIRECS;11282.0;3
369900;;;TRANSLATOR_ASTRO_BLACK;XIRECS;8814.0;4
369900;;;TRANSLATOR_ECLIPSE_CHARCOAL;XIRECS;10227.0;4
369900;;;TRANSLATOR_GRAPHITE_MIST;XIRECS;9837.0;4
369900;;;TRANSLATOR_SPACE_GRAY;XIRECS;9629.0;4
369900;;;TRANSLATOR_VOID_BLUE;XIRECS;11322.0;4
377800;;;TRANSLATOR_ASTRO_BLACK;XIRECS;8865.0;3
377800;;;TRANSLATOR_ECLIPSE_CHARCOAL;XIRECS;10199.0;3
377800;;;TRANSLATOR_GRAPHITE_MIST;XIRECS;9955.0;3
377800;;;TRANSLATOR_SPACE_GRAY;XIRECS;9543.0;3
377800;;;TRANSLATOR_VOID_BLUE;XIRECS;11333.0;3
380200;;;TRANSLATOR_ASTRO_BLACK;XIRECS;8852.0;2
380200;;;TRANSLATOR_ECLIPSE_CHARCOAL;XIRECS;10142.0;2
380200;;;TRANSLATOR_GRAPHITE_MIST;XIRECS;9877.0;2
380200;;;TRANSLATOR_SPACE_GRAY;XIRECS;9613.0;2
380200;;;TRANSLATOR_VOID_BLUE;XIRECS;11253.0;2
380400;;;TRANSLATOR_ASTRO_BLACK;XIRECS;8868.0;1
380400;;;TRANSLATOR_ECLIPSE_CHARCOAL;XIRECS;10147.0;1
380400;;;TRANSLATOR_GRAPHITE_MIST;XIRECS;9886.0;1
380400;;;TRANSLATOR_SPACE_GRAY;XIRECS;9629.0;1
380400;;;TRANSLATOR_VOID_BLUE;XIRECS;11260.0;1
380500;;;TRANSLATOR_ASTRO_BLACK;XIRECS;8857.0;3
380500;;;TRANSLATOR_ECLIPSE_CHARCOAL;XIRECS;10134.0;3
380500;;;TRANSLATOR_GRAPHITE_MIST;XIRECS;9910.0;3
380500;;;TRANSLATOR_SPACE_GRAY;XIRECS;9629.0;3
380500;;;TRANSLATOR_VOID_BLUE;XIRECS;11260.0;3
382900;;;TRANSLATOR_ASTRO_BLACK;XIRECS;8888.0;3
382900;;;TRANSLATOR_ECLIPSE_CHARCOAL;XIRECS;10098.0;3
382900;;;TRANSLATOR_GRAPHITE_MIST;XIRECS;9898.0;3
382900;;;TRANSLATOR_SPACE_GRAY;XIRECS;9618.0;3
382900;;;TRANSLATOR_VOID_BLUE;XIRECS;11287.0;3
383300;;;TRANSLATOR_ASTRO_BLACK;XIRECS;8889.0;3
383300;;;TRANSLATOR_ECLIPSE_CHARCOAL;XIRECS;10116.0;3
383300;;;TRANSLATOR_GRAPHITE_MIST;XIRECS;9902.0;3
383300;;;TRANSLATOR_SPACE_GRAY;XIRECS;9643.0;3
383300;;;TRANSLATOR_VOID_BLUE;XIRECS;11300.0;3
390000;;;TRANSLATOR_ASTRO_BLACK;XIRECS;8792.0;3
390000;;;TRANSLATOR_ECLIPSE_CHARCOAL;XIRECS;10045.0;3
390000;;;TRANSLATOR_GRAPHITE_MIST;XIRECS;9969.0;3
390000;;;TRANSLATOR_SPACE_GRAY;XIRECS;9769.0;3
390000;;;TRANSLATOR_VOID_BLUE;XIRECS;11357.0;3
395800;;;TRANSLATOR_ASTRO_BLACK;XIRECS;8792.0;2
395800;;;TRANSLATOR_ECLIPSE_CHARCOAL;XIRECS;10024.0;2
395800;;;TRANSLATOR_GRAPHITE_MIST;XIRECS;9961.0;2
395800;;;TRANSLATOR_SPACE_GRAY;XIRECS;9805.0;2
395800;;;TRANSLATOR_VOID_BLUE;XIRECS;11369.0;2
396000;;;TRANSLATOR_ASTRO_BLACK;XIRECS;8790.0;3
396000;;;TRANSLATOR_ECLIPSE_CHARCOAL;XIRECS;10033.0;3
396000;;;TRANSLATOR_GRAPHITE_MIST;XIRECS;9949.0;3
396000;;;TRANSLATOR_SPACE_GRAY;XIRECS;9810.0;3
396000;;;TRANSLATOR_VOID_BLUE;XIRECS;11358.0;3
402100;;;TRANSLATOR_ASTRO_BLACK;XIRECS;8833.0;4
402100;;;TRANSLATOR_ECLIPSE_CHARCOAL;XIRECS;10141.0;4
402100;;;TRANSLATOR_GRAPHITE_MIST;XIRECS;10139.0;4
402100;;;TRANSLATOR_SPACE_GRAY;XIRECS;9831.0;4
402100;;;TRANSLATOR_VOID_BLUE;XIRECS;11233.0;4
411900;;;TRANSLATOR_ASTRO_BLACK;XIRECS;8867.0;3
411900;;;TRANSLATOR_ECLIPSE_CHARCOAL;XIRECS;10266.0;3
411900;;;TRANSLATOR_GRAPHITE_MIST;XIRECS;10077.0;3
411900;;;TRANSLATOR_SPACE_GRAY;XIRECS;9840.0;3
411900;;;TRANSLATOR_VOID_BLUE;XIRECS;11233.0;3
416100;;;TRANSLATOR_ASTRO_BLACK;XIRECS;8837.0;2
416100;;;TRANSLATOR_ECLIPSE_CHARCOAL;XIRECS;10328.0;2
416100;;;TRANSLATOR_GRAPHITE_MIST;XIRECS;10040.0;2
416100;;;TRANSLATOR_SPACE_GRAY;XIRECS;9845.0;2
416100;;;TRANSLATOR_VOID_BLUE;XIRECS;11086.0;2
430700;;;TRANSLATOR_ASTRO_BLACK;XIRECS;8768.0;1
430700;;;TRANSLATOR_ECLIPSE_CHARCOAL;XIRECS;10230.0;1
430700;;;TRANSLATOR_GRAPHITE_MIST;XIRECS;10059.0;1
430700;;;TRANSLATOR_SPACE_GRAY;XIRECS;9879.0;1
430700;;;TRANSLATOR_VOID_BLUE;XIRECS;11233.0;1
434600;;;TRANSLATOR_ASTRO_BLACK;XIRECS;8791.0;3
434600;;;TRANSLATOR_ECLIPSE_CHARCOAL;XIRECS;10167.0;3
434600;;;TRANSLATOR_GRAPHITE_MIST;XIRECS;9988.0;3
434600;;;TRANSLATOR_SPACE_GRAY;XIRECS;9862.0;3
434600;;;TRANSLATOR_VOID_BLUE;XIRECS;11217.0;3
438200;;;TRANSLATOR_ASTRO_BLACK;XIRECS;8878.0;3
438200;;;TRANSLATOR_ECLIPSE_CHARCOAL;XIRECS;10212.0;3
438200;;;TRANSLATOR_GRAPHITE_MIST;XIRECS;10022.0;3
438200;;;TRANSLATOR_SPACE_GRAY;XIRECS;9839.0;3
438200;;;TRANSLATOR_VOID_BLUE;XIRECS;11166.0;3
446800;;;TRANSLATOR_ASTRO_BLACK;XIRECS;8904.0;3
446800;;;TRANSLATOR_ECLIPSE_CHARCOAL;XIRECS;10255.0;3
446800;;;TRANSLATOR_GRAPHITE_MIST;XIRECS;9997.0;3
446800;;;TRANSLATOR_SPACE_GRAY;XIRECS;9823.0;3
446800;;;TRANSLATOR_VOID_BLUE;XIRECS;11021.0;3
447900;;;TRANSLATOR_ASTRO_BLACK;XIRECS;8868.0;2
447900;;;TRANSLATOR_ECLIPSE_CHARCOAL;XIRECS;10243.0;2
447900;;;TRANSLATOR_GRAPHITE_MIST;XIRECS;9944.0;2
447900;;;TRANSLATOR_SPACE_GRAY;XIRECS;9802.0;2
447900;;;TRANSLATOR_VOID_BLUE;XIRECS;11047.0;2
450900;;;TRANSLATOR_ASTRO_BLACK;XIRECS;8926.0;3
450900;;;TRANSLATOR_ECLIPSE_CHARCOAL;XIRECS;10204.0;3
450900;;;TRANSLATOR_GRAPHITE_MIST;XIRECS;9993.0;3
450900;;;TRANSLATOR_SPACE_GRAY;XIRECS;9763.0;3
450900;;;TRANSLATOR_VOID_BLUE;XIRECS;10961.0;3
458600;;;TRANSLATOR_ASTRO_BLACK;XIRECS;8834.0;3
458600;;;TRANSLATOR_ECLIPSE_CHARCOAL;XIRECS;10034.0;3
458600;;;TRANSLATOR_GRAPHITE_MIST;XIRECS;9994.0;3
458600;;;TRANSLATOR_SPACE_GRAY;XIRECS;9666.0;3
458600;;;TRANSLATOR_VOID_BLUE;XIRECS;10980.0;3
459400;;;TRANSLATOR_ASTRO_BLACK;XIRECS;8829.0;2
459400;;;TRANSLATOR_ECLIPSE_CHARCOAL;XIRECS;9990.0;2
459400;;;TRANSLATOR_GRAPHITE_MIST;XIRECS;9951.0;2
459400;;;TRANSLATOR_SPACE_GRAY;XIRECS;9649.0;2
459400;;;TRANSLATOR_VOID_BLUE;XIRECS;11011.0;2
461000;;;TRANSLATOR_ASTRO_BLACK;XIRECS;8848.0;2
461000;;;TRANSLATOR_ECLIPSE_CHARCOAL;XIRECS;9918.0;2
461000;;;TRANSLATOR_GRAPHITE_MIST;XIRECS;9969.0;2
461000;;;TRANSLATOR_SPACE_GRAY;XIRECS;9743.0;2
461000;;;TRANSLATOR_VOID_BLUE;XIRECS;11030.0;2
468600;;;TRANSLATOR_ASTRO_BLACK;XIRECS;8785.0;2
468600;;;TRANSLATOR_ECLIPSE_CHARCOAL;XIRECS;9959.0;2
468600;;;TRANSLATOR_GRAPHITE_MIST;XIRECS;10011.0;2
468600;;;TRANSLATOR_SPACE_GRAY;XIRECS;9780.0;2
468600;;;TRANSLATOR_VOID_BLUE;XIRECS;10866.0;2
474800;;;TRANSLATOR_ASTRO_BLACK;XIRECS;8804.0;1
474800;;;TRANSLATOR_ECLIPSE_CHARCOAL;XIRECS;9883.0;1
474800;;;TRANSLATOR_GRAPHITE_MIST;XIRECS;10017.0;1
474800;;;TRANSLATOR_SPACE_GRAY;XIRECS;9724.0;1
474800;;;TRANSLATOR_VOID_BLUE;XIRECS;10877.0;1
483500;;;TRANSLATOR_ASTRO_BLACK;XIRECS;8743.0;4
483500;;;TRANSLATOR_ECLIPSE_CHARCOAL;XIRECS;9802.0;4
483500;;;TRANSLATOR_GRAPHITE_MIST;XIRECS;9911.0;4
483500;;;TRANSLATOR_SPACE_GRAY;XIRECS;9741.0;4
483500;;;TRANSLATOR_VOID_BLUE;XIRECS;10936.0;4
488100;;;TRANSLATOR_ASTRO_BLACK;XIRECS;8779.0;4
488100;;;TRANSLATOR_ECLIPSE_CHARCOAL;XIRECS;9828.0;4
488100;;;TRANSLATOR_GRAPHITE_MIST;XIRECS;9838.0;4
488100;;;TRANSLATOR_SPACE_GRAY;XIRECS;9783.0;4
488100;;;TRANSLATOR_VOID_BLUE;XIRECS;10945.0;4
490100;;;TRANSLATOR_ASTRO_BLACK;XIRECS;8705.0;1
490100;;;TRANSLATOR_ECLIPSE_CHARCOAL;XIRECS;9818.0;1
490100;;;TRANSLATOR_GRAPHITE_MIST;XIRECS;9753.0;1
490100;;;TRANSLATOR_SPACE_GRAY;XIRECS;9787.0;1
490100;;;TRANSLATOR_VOID_BLUE;XIRECS;10959.0;1
496100;;;TRANSLATOR_ASTRO_BLACK;XIRECS;8763.0;3
496100;;;TRANSLATOR_ECLIPSE_CHARCOAL;XIRECS;9920.0;3
496100;;;TRANSLATOR_GRAPHITE_MIST;XIRECS;9863.0;3
496100;;;TRANSLATOR_SPACE_GRAY;XIRECS;9688.0;3
496100;;;TRANSLATOR_VOID_BLUE;XIRECS;11017.0;3
499900;;;TRANSLATOR_ASTRO_BLACK;XIRECS;8831.0;1
499900;;;TRANSLATOR_ECLIPSE_CHARCOAL;XIRECS;9829.0;1
499900;;;TRANSLATOR_GRAPHITE_MIST;XIRECS;10021.0;1
499900;;;TRANSLATOR_SPACE_GRAY;XIRECS;9633.0;1
499900;;;TRANSLATOR_VOID_BLUE;XIRECS;11042.0;1
500200;;;TRANSLATOR_ASTRO_BLACK;XIRECS;8817.0;1
500200;;;TRANSLATOR_ECLIPSE_CHARCOAL;XIRECS;9859.0;1
500200;;;TRANSLATOR_GRAPHITE_MIST;XIRECS;10034.0;1
500200;;;TRANSLATOR_SPACE_GRAY;XIRECS;9618.0;1
500200;;;TRANSLATOR_VOID_BLUE;XIRECS;11053.0;1
507700;;;TRANSLATOR_ASTRO_BLACK;XIRECS;8823.0;3
507700;;;TRANSLATOR_ECLIPSE_CHARCOAL;XIRECS;9707.0;3
507700;;;TRANSLATOR_GRAPHITE_MIST;XIRECS;9860.0;3
507700;;;TRANSLATOR_SPACE_GRAY;XIRECS;9618.0;3
507700;;;TRANSLATOR_VOID_BLUE;XIRECS;11072.0;3
511700;;;TRANSLATOR_ASTRO_BLACK;XIRECS;8796.0;4
511700;;;TRANSLATOR_ECLIPSE_CHARCOAL;XIRECS;9746.0;4
511700;;;TRANSLATOR_GRAPHITE_MIST;XIRECS;9973.0;4
511700;;;TRANSLATOR_SPACE_GRAY;XIRECS;9581.0;4
511700;;;TRANSLATOR_VOID_BLUE;XIRECS;11010.0;4
512300;;;TRANSLATOR_ASTRO_BLACK;XIRECS;8782.0;3
512300;;;TRANSLATOR_ECLIPSE_CHARCOAL;XIRECS;9738.0;3
512300;;;TRANSLATOR_GRAPHITE_MIST;XIRECS;9969.0;3
512300;;;TRANSLATOR_SPACE_GRAY;XIRECS;9556.0;3
512300;;;TRANSLATOR_VOID_BLUE;XIRECS;11034.0;3
514100;;;TRANSLATOR_ASTRO_BLACK;XIRECS;8732.0;2
514100;;;TRANSLATOR_ECLIPSE_CHARCOAL;XIRECS;9724.0;2
514100;;;TRANSLATOR_GRAPHITE_MIST;XIRECS;9965.0;2
514100;;;TRANSLATOR_SPACE_GRAY;XIRECS;9517.0;2
514100;;;TRANSLATOR_VOID_BLUE;XIRECS;10963.0;2
514900;;;TRANSLATOR_ASTRO_BLACK;XIRECS;8693.0;1
514900;;;TRANSLATOR_ECLIPSE_CHARCOAL;XIRECS;9744.0;1
514900;;;TRANSLATOR_GRAPHITE_MIST;XIRECS;9930.0;1
514900;;;TRANSLATOR_SPACE_GRAY;XIRECS;9549.0;1
514900;;;TRANSLATOR_VOID_BLUE;XIRECS;10996.0;1
523300;;;TRANSLATOR_ASTRO_BLACK;XIRECS;8649.0;3
523300;;;TRANSLATOR_ECLIPSE_CHARCOAL;XIRECS;9677.0;3
523300;;;TRANSLATOR_GRAPHITE_MIST;XIRECS;9820.0;3
523300;;;TRANSLATOR_SPACE_GRAY;XIRECS;9542.0;3
523300;;;TRANSLATOR_VOID_BLUE;XIRECS;10940.0;3
529000;;;TRANSLATOR_ASTRO_BLACK;XIRECS;8562.0;4
529000;;;TRANSLATOR_ECLIPSE_CHARCOAL;XIRECS;9652.0;4
529000;;;TRANSLATOR_GRAPHITE_MIST;XIRECS;9823.0;4
529000;;;TRANSLATOR_SPACE_GRAY;XIRECS;9623.0;4
529000;;;TRANSLATOR_VOID_BLUE;XIRECS;10946.0;4
529900;;;TRANSLATOR_ASTRO_BLACK;XIRECS;8581.0;1
529900;;;TRANSLATOR_ECLIPSE_CHARCOAL;XIRECS;9667.0;1
529900;;;TRANSLATOR_GRAPHITE_MIST;XIRECS;9818.0;1
529900;;;TRANSLATOR_SPACE_GRAY;XIRECS;9657.0;1
529900;;;TRANSLATOR_VOID_BLUE;XIRECS;10923.0;1
531500;;;TRANSLATOR_ASTRO_BLACK;XIRECS;8603.0;1
531500;;;TRANSLATOR_ECLIPSE_CHARCOAL;XIRECS;9630.0;1
531500;;;TRANSLATOR_GRAPHITE_MIST;XIRECS;9825.0;1
531500;;;TRANSLATOR_SPACE_GRAY;XIRECS;9693.0;1
531500;;;TRANSLATOR_VOID_BLUE;XIRECS;10962.0;1
534200;;;TRANSLATOR_ASTRO_BLACK;XIRECS;8589.0;2
534200;;;TRANSLATOR_ECLIPSE_CHARCOAL;XIRECS;9645.0;2
534200;;;TRANSLATOR_GRAPHITE_MIST;XIRECS;9836.0;2
534200;;;TRANSLATOR_SPACE_GRAY;XIRECS;9645.0;2
534200;;;TRANSLATOR_VOID_BLUE;XIRECS;11067.0;2
537200;;;TRANSLATOR_ASTRO_BLACK;XIRECS;8631.0;3
537200;;;TRANSLATOR_ECLIPSE_CHARCOAL;XIRECS;9656.0;3
537200;;;TRANSLATOR_GRAPHITE_MIST;XIRECS;9801.0;3
537200;;;TRANSLATOR_SPACE_GRAY;XIRECS;9662.0;3
537200;;;TRANSLATOR_VOID_BLUE;XIRECS;11076.0;3
537700;;;TRANSLATOR_ASTRO_BLACK;XIRECS;8606.0;1
537700;;;TRANSLATOR_ECLIPSE_CHARCOAL;XIRECS;9652.0;1
537700;;;TRANSLATOR_GRAPHITE_MIST;XIRECS;9783.0;1
537700;;;TRANSLATOR_SPACE_GRAY;XIRECS;9638.0;1
537700;;;TRANSLATOR_VOID_BLUE;XIRECS;11146.0;1
545700;;;TRANSLATOR_ASTRO_BLACK;XIRECS;8463.0;2
545700;;;TRANSLATOR_ECLIPSE_CHARCOAL;XIRECS;9623.0;2
545700;;;TRANSLATOR_GRAPHITE_MIST;XIRECS;9848.0;2
545700;;;TRANSLATOR_SPACE_GRAY;XIRECS;9676.0;2
545700;;;TRANSLATOR_VOID_BLUE;XIRECS;11049.0;2
549700;;;TRANSLATOR_ASTRO_BLACK;XIRECS;8469.0;2
549700;;;TRANSLATOR_ECLIPSE_CHARCOAL;XIRECS;9606.0;2
549700;;;TRANSLATOR_GRAPHITE_MIST;XIRECS;9827.0;2
549700;;;TRANSLATOR_SPACE_GRAY;XIRECS;9718.0;2
549700;;;TRANSLATOR_VOID_BLUE;XIRECS;11206.0;2
555700;;;TRANSLATOR_ASTRO_BLACK;XIRECS;8455.0;3
555700;;;TRANSLATOR_ECLIPSE_CHARCOAL;XIRECS;9610.0;3
555700;;;TRANSLATOR_GRAPHITE_MIST;XIRECS;9782.0;3
555700;;;TRANSLATOR_SPACE_GRAY;XIRECS;9496.0;3
555700;;;TRANSLATOR_VOID_BLUE;XIRECS;11142.0;3
558400;;;TRANSLATOR_ASTRO_BLACK;XIRECS;8455.0;1
558400;;;TRANSLATOR_ECLIPSE_CHARCOAL;XIRECS;9690.0;1
558400;;;TRANSLATOR_GRAPHITE_MIST;XIRECS;9745.0;1
558400;;;TRANSLATOR_SPACE_GRAY;XIRECS;9526.0;1
558400;;;TRANSLATOR_VOID_BLUE;XIRECS;11178.0;1
562000;;;TRANSLATOR_ASTRO_BLACK;XIRECS;8536.0;1
562000;;;TRANSLATOR_ECLIPSE_CHARCOAL;XIRECS;9718.0;1
562000;;;TRANSLATOR_GRAPHITE_MIST;XIRECS;9813.0;1
562000;;;TRANSLATOR_SPACE_GRAY;XIRECS;9436.0;1
562000;;;TRANSLATOR_VOID_BLUE;XIRECS;11155.0;1
564900;;;TRANSLATOR_ASTRO_BLACK;XIRECS;8506.0;3
564900;;;TRANSLATOR_ECLIPSE_CHARCOAL;XIRECS;9737.0;3
564900;;;TRANSLATOR_GRAPHITE_MIST;XIRECS;9880.0;3
564900;;;TRANSLATOR_SPACE_GRAY;XIRECS;9437.0;3
564900;;;TRANSLATOR_VOID_BLUE;XIRECS;11140.0;3
582400;;;TRANSLATOR_ASTRO_BLACK;XIRECS;8697.0;3
582400;;;TRANSLATOR_ECLIPSE_CHARCOAL;XIRECS;9854.0;3
582400;;;TRANSLATOR_GRAPHITE_MIST;XIRECS;9824.0;3
582400;;;TRANSLATOR_SPACE_GRAY;XIRECS;9430.0;3
582400;;;TRANSLATOR_VOID_BLUE;XIRECS;11194.0;3
585000;;;TRANSLATOR_ASTRO_BLACK;XIRECS;8648.0;1
585000;;;TRANSLATOR_ECLIPSE_CHARCOAL;XIRECS;9877.0;1
585000;;;TRANSLATOR_GRAPHITE_MIST;XIRECS;9829.0;1
585000;;;TRANSLATOR_SPACE_GRAY;XIRECS;9538.0;1
585000;;;TRANSLATOR_VOID_BLUE;XIRECS;11152.0;1
586400;;;TRANSLATOR_ASTRO_BLACK;XIRECS;8632.0;4
586400;;;TRANSLATOR_ECLIPSE_CHARCOAL;XIRECS;9941.0;4
586400;;;TRANSLATOR_GRAPHITE_MIST;XIRECS;9866.0;4
586400;;;TRANSLATOR_SPACE_GRAY;XIRECS;9576.0;4
586400;;;TRANSLATOR_VOID_BLUE;XIRECS;11175.0;4
587900;;;TRANSLATOR_ASTRO_BLACK;XIRECS;8582.0;3
587900;;;TRANSLATOR_ECLIPSE_CHARCOAL;XIRECS;9961.0;3
587900;;;TRANSLATOR_GRAPHITE_MIST;XIRECS;9851.0;3
587900;;;TRANSLATOR_SPACE_GRAY;XIRECS;9525.0;3
587900;;;TRANSLATOR_VOID_BLUE;XIRECS;11159.0;3
588000;;;TRANSLATOR_ASTRO_BLACK;XIRECS;8576.0;2
588000;;;TRANSLATOR_ECLIPSE_CHARCOAL;XIRECS;9952.0;2
588000;;;TRANSLATOR_GRAPHITE_MIST;XIRECS;9835.0;2
588000;;;TRANSLATOR_SPACE_GRAY;XIRECS;9511.0;2
588000;;;TRANSLATOR_VOID_BLUE;XIRECS;11145.0;2
590100;;;TRANSLATOR_ASTRO_BLACK;XIRECS;8619.0;3
590100;;;TRANSLATOR_ECLIPSE_CHARCOAL;XIRECS;9922.0;3
590100;;;TRANSLATOR_GRAPHITE_MIST;XIRECS;9885.0;3
590100;;;TRANSLATOR_SPACE_GRAY;XIRECS;9538.0;3
590100;;;TRANSLATOR_VOID_BLUE;XIRECS;11166.0;3
593600;;;TRANSLATOR_ASTRO_BLACK;XIRECS;8654.0;3
593600;;;TRANSLATOR_ECLIPSE_CHARCOAL;XIRECS;9892.0;3
593600;;;TRANSLATOR_GRAPHITE_MIST;XIRECS;9983.0;3
593600;;;TRANSLATOR_SPACE_GRAY;XIRECS;9539.0;3
593600;;;TRANSLATOR_VOID_BLUE;XIRECS;11260.0;3
596600;;;TRANSLATOR_ASTRO_BLACK;XIRECS;8681.0;2
596600;;;TRANSLATOR_ECLIPSE_CHARCOAL;XIRECS;10047.0;2
596600;;;TRANSLATOR_GRAPHITE_MIST;XIRECS;9953.0;2
596600;;;TRANSLATOR_SPACE_GRAY;XIRECS;9589.0;2
596600;;;TRANSLATOR_VOID_BLUE;XIRECS;11290.0;2
599800;;;TRANSLATOR_ASTRO_BLACK;XIRECS;8644.0;2
599800;;;TRANSLATOR_ECLIPSE_CHARCOAL;XIRECS;10063.0;2
599800;;;TRANSLATOR_GRAPHITE_MIST;XIRECS;9871.0;2
599800;;;TRANSLATOR_SPACE_GRAY;XIRECS;9628.0;2
599800;;;TRANSLATOR_VOID_BLUE;XIRECS;11295.0;2
602900;;;TRANSLATOR_ASTRO_BLACK;XIRECS;8663.0;1
602900;;;TRANSLATOR_ECLIPSE_CHARCOAL;XIRECS;10023.0;1
602900;;;TRANSLATOR_GRAPHITE_MIST;XIRECS;9803.0;1
602900;;;TRANSLATOR_SPACE_GRAY;XIRECS;9699.0;1
602900;;;TRANSLATOR_VOID_BLUE;XIRECS;11320.0;1
606700;;;TRANSLATOR_ASTRO_BLACK;XIRECS;8652.0;2
606700;;;TRANSLATOR_ECLIPSE_CHARCOAL;XIRECS;10054.0;2
606700;;;TRANSLATOR_GRAPHITE_MIST;XIRECS;9815.0;2
606700;;;TRANSLATOR_SPACE_GRAY;XIRECS;9685.0;2
606700;;;TRANSLATOR_VOID_BLUE;XIRECS;11365.0;2
610600;;;TRANSLATOR_ASTRO_BLACK;XIRECS;8607.0;4
610600;;;TRANSLATOR_ECLIPSE_CHARCOAL;XIRECS;10035.0;4
610600;;;TRANSLATOR_GRAPHITE_MIST;XIRECS;9939.0;4
610600;;;TRANSLATOR_SPACE_GRAY;XIRECS;9542.0;4
610600;;;TRANSLATOR_VOID_BLUE;XIRECS;11488.0;4
611900;;;TRANSLATOR_ASTRO_BLACK;XIRECS;8626.0;2
611900;;;TRANSLATOR_ECLIPSE_CHARCOAL;XIRECS;10002.0;2
611900;;;TRANSLATOR_GRAPHITE_MIST;XIRECS;9958.0;2
611900;;;TRANSLATOR_SPACE_GRAY;XIRECS;9571.0;2
611900;;;TRANSLATOR_VOID_BLUE;XIRECS;11432.0;2
613200;;;TRANSLATOR_ASTRO_BLACK;XIRECS;8613.0;2
613200;;;TRANSLATOR_ECLIPSE_CHARCOAL;XIRECS;9978.0;2
613200;;;TRANSLATOR_GRAPHITE_MIST;XIRECS;9971.0;2
613200;;;TRANSLATOR_SPACE_GRAY;XIRECS;9580.0;2
613200;;;TRANSLATOR_VOID_BLUE;XIRECS;11352.0;2
622800;;;TRANSLATOR_ASTRO_BLACK;XIRECS;8757.0;1
622800;;;TRANSLATOR_ECLIPSE_CHARCOAL;XIRECS;9921.0;1
622800;;;TRANSLATOR_GRAPHITE_MIST;XIRECS;9927.0;1
622800;;;TRANSLATOR_SPACE_GRAY;XIRECS;9729.0;1
622800;;;TRANSLATOR_VOID_BLUE;XIRECS;11371.0;1
627900;;;TRANSLATOR_ASTRO_BLACK;XIRECS;8806.0;4
627900;;;TRANSLATOR_ECLIPSE_CHARCOAL;XIRECS;9974.0;4
627900;;;TRANSLATOR_GRAPHITE_MIST;XIRECS;9864.0;4
627900;;;TRANSLATOR_SPACE_GRAY;XIRECS;9693.0;4
627900;;;TRANSLATOR_VOID_BLUE;XIRECS;11262.0;4
637600;;;TRANSLATOR_ASTRO_BLACK;XIRECS;8744.0;1
637600;;;TRANSLATOR_ECLIPSE_CHARCOAL;XIRECS;10034.0;1
637600;;;TRANSLATOR_GRAPHITE_MIST;XIRECS;9942.0;1
637600;;;TRANSLATOR_SPACE_GRAY;XIRECS;9883.0;1
637600;;;TRANSLATOR_VOID_BLUE;XIRECS;11318.0;1
639100;;;TRANSLATOR_ASTRO_BLACK;XIRECS;8733.0;2
639100;;;TRANSLATOR_ECLIPSE_CHARCOAL;XIRECS;10011.0;2
639100;;;TRANSLATOR_GRAPHITE_MIST;XIRECS;10058.0;2
639100;;;TRANSLATOR_SPACE_GRAY;XIRECS;9854.0;2
639100;;;TRANSLATOR_VOID_BLUE;XIRECS;11379.0;2
640500;;;TRANSLATOR_ASTRO_BLACK;XIRECS;8686.0;4
640500;;;TRANSLATOR_ECLIPSE_CHARCOAL;XIRECS;10044.0;4
640500;;;TRANSLATOR_GRAPHITE_MIST;XIRECS;10067.0;4
640500;;;TRANSLATOR_SPACE_GRAY;XIRECS;9837.0;4
640500;;;TRANSLATOR_VOID_BLUE;XIRECS;11328.0;4
640900;;;TRANSLATOR_ASTRO_BLACK;XIRECS;8676.0;4
640900;;;TRANSLATOR_ECLIPSE_CHARCOAL;XIRECS;10070.0;4
640900;;;TRANSLATOR_GRAPHITE_MIST;XIRECS;10088.0;4
640900;;;TRANSLATOR_SPACE_GRAY;XIRECS;9837.0;4
640900;;;TRANSLATOR_VOID_BLUE;XIRECS;11292.0;4
644000;;;TRANSLATOR_ASTRO_BLACK;XIRECS;8637.0;2
644000;;;TRANSLATOR_ECLIPSE_CHARCOAL;XIRECS;10048.0;2
644000;;;TRANSLATOR_GRAPHITE_MIST;XIRECS;10133.0;2
644000;;;TRANSLATOR_SPACE_GRAY;XIRECS;9839.0;2
644000;;;TRANSLATOR_VOID_BLUE;XIRECS;11329.0;2
645900;;;TRANSLATOR_ASTRO_BLACK;XIRECS;8603.0;1
645900;;;TRANSLATOR_ECLIPSE_CHARCOAL;XIRECS;10009.0;1
645900;;;TRANSLATOR_GRAPHITE_MIST;XIRECS;10050.0;1
645900;;;TRANSLATOR_SPACE_GRAY;XIRECS;9875.0;1
645900;;;TRANSLATOR_VOID_BLUE;XIRECS;11317.0;1
653700;;;TRANSLATOR_ASTRO_BLACK;XIRECS;8622.0;1
653700;;;TRANSLATOR_ECLIPSE_CHARCOAL;XIRECS;9896.0;1
653700;;;TRANSLATOR_GRAPHITE_MIST;XIRECS;10004.0;1
653700;;;TRANSLATOR_SPACE_GRAY;XIRECS;9856.0;1
653700;;;TRANSLATOR_VOID_BLUE;XIRECS;11500.0;1
661300;;;TRANSLATOR_ASTRO_BLACK;XIRECS;8555.0;2
661300;;;TRANSLATOR_ECLIPSE_CHARCOAL;XIRECS;9955.0;2
661300;;;TRANSLATOR_GRAPHITE_MIST;XIRECS;9943.0;2
661300;;;TRANSLATOR_SPACE_GRAY;XIRECS;9764.0;2
661300;;;TRANSLATOR_VOID_BLUE;XIRECS;11380.0;2
661700;;;TRANSLATOR_ASTRO_BLACK;XIRECS;8569.0;2
661700;;;TRANSLATOR_ECLIPSE_CHARCOAL;XIRECS;9968.0;2
661700;;;TRANSLATOR_GRAPHITE_MIST;XIRECS;9963.0;2
661700;;;TRANSLATOR_SPACE_GRAY;XIRECS;9763.0;2
661700;;;TRANSLATOR_VOID_BLUE;XIRECS;11382.0;2
668400;;;TRANSLATOR_ASTRO_BLACK;XIRECS;8568.0;2
668400;;;TRANSLATOR_ECLIPSE_CHARCOAL;XIRECS;9856.0;2
668400;;;TRANSLATOR_GRAPHITE_MIST;XIRECS;10073.0;2
668400;;;TRANSLATOR_SPACE_GRAY;XIRECS;9701.0;2
668400;;;TRANSLATOR_VOID_BLUE;XIRECS;11293.0;2
671400;;;TRANSLATOR_ASTRO_BLACK;XIRECS;8577.0;4
671400;;;TRANSLATOR_ECLIPSE_CHARCOAL;XIRECS;9857.0;4
671400;;;TRANSLATOR_GRAPHITE_MIST;XIRECS;9926.0;4
671400;;;TRANSLATOR_SPACE_GRAY;XIRECS;9673.0;4
671400;;;TRANSLATOR_VOID_BLUE;XIRECS;11361.0;4
677800;;;TRANSLATOR_ASTRO_BLACK;XIRECS;8740.0;1
677800;;;TRANSLATOR_ECLIPSE_CHARCOAL;XIRECS;9959.0;1
677800;;;TRANSLATOR_GRAPHITE_MIST;XIRECS;9873.0;1
677800;;;TRANSLATOR_SPACE_GRAY;XIRECS;9795.0;1
677800;;;TRANSLATOR_VOID_BLUE;XIRECS;11444.0;1
678800;;;TRANSLATOR_ASTRO_BLACK;XIRECS;8748.0;4
678800;;;TRANSLATOR_ECLIPSE_CHARCOAL;XIRECS;9931.0;4
678800;;;TRANSLATOR_GRAPHITE_MIST;XIRECS;9798.0;4
678800;;;TRANSLATOR_SPACE_GRAY;XIRECS;9772.0;4
678800;;;TRANSLATOR_VOID_BLUE;XIRECS;11440.0;4
683700;;;TRANSLATOR_ASTRO_BLACK;XIRECS;8754.0;2
683700;;;TRANSLATOR_ECLIPSE_CHARCOAL;XIRECS;10009.0;2
683700;;;TRANSLATOR_GRAPHITE_MIST;XIRECS;9823.0;2
683700;;;TRANSLATOR_SPACE_GRAY;XIRECS;9728.0;2
683700;;;TRANSLATOR_VOID_BLUE;XIRECS;11382.0;2
688000;;;TRANSLATOR_ASTRO_BLACK;XIRECS;8796.0;2
688000;;;TRANSLATOR_ECLIPSE_CHARCOAL;XIRECS;9961.0;2
688000;;;TRANSLATOR_GRAPHITE_MIST;XIRECS;9858.0;2
688000;;;TRANSLATOR_SPACE_GRAY;XIRECS;9806.0;2
688000;;;TRANSLATOR_VOID_BLUE;XIRECS;11342.0;2
691100;;;TRANSLATOR_ASTRO_BLACK;XIRECS;8809.0;1
691100;;;TRANSLATOR_ECLIPSE_CHARCOAL;XIRECS;9893.0;1
691100;;;TRANSLATOR_GRAPHITE_MIST;XIRECS;9858.0;1
691100;;;TRANSLATOR_SPACE_GRAY;XIRECS;9858.0;1
691100;;;TRANSLATOR_VOID_BLUE;XIRECS;11331.0;1
693800;;;TRANSLATOR_ASTRO_BLACK;XIRECS;8742.0;2
693800;;;TRANSLATOR_ECLIPSE_CHARCOAL;XIRECS;9781.0;2
693800;;;TRANSLATOR_GRAPHITE_MIST;XIRECS;9817.0;2
693800;;;TRANSLATOR_SPACE_GRAY;XIRECS;9815.0;2
693800;;;TRANSLATOR_VOID_BLUE;XIRECS;11303.0;2
697900;;;TRANSLATOR_ASTRO_BLACK;XIRECS;8772.0;2
697900;;;TRANSLATOR_ECLIPSE_CHARCOAL;XIRECS;9847.0;2
697900;;;TRANSLATOR_GRAPHITE_MIST;XIRECS;9858.0;2
697900;;;TRANSLATOR_SPACE_GRAY;XIRECS;9834.0;2
697900;;;TRANSLATOR_VOID_BLUE;XIRECS;11158.0;2
705700;;;TRANSLATOR_ASTRO_BLACK;XIRECS;8812.0;2
705700;;;TRANSLATOR_ECLIPSE_CHARCOAL;XIRECS;9757.0;2
705700;;;TRANSLATOR_GRAPHITE_MIST;XIRECS;9806.0;2
705700;;;TRANSLATOR_SPACE_GRAY;XIRECS;9775.0;2
705700;;;TRANSLATOR_VOID_BLUE;XIRECS;11373.0;2
709900;;;TRANSLATOR_ASTRO_BLACK;XIRECS;8806.0;2
709900;;;TRANSLATOR_ECLIPSE_CHARCOAL;XIRECS;9641.0;2
709900;;;TRANSLATOR_GRAPHITE_MIST;XIRECS;9808.0;2
709900;;;TRANSLATOR_SPACE_GRAY;XIRECS;9794.0;2
709900;;;TRANSLATOR_VOID_BLUE;XIRECS;11350.0;2
710100;;;TRANSLATOR_ASTRO_BLACK;XIRECS;8836.0;1
710100;;;TRANSLATOR_ECLIPSE_CHARCOAL;XIRECS;9627.0;1
710100;;;TRANSLATOR_GRAPHITE_MIST;XIRECS;9829.0;1
710100;;;TRANSLATOR_SPACE_GRAY;XIRECS;9757.0;1
710100;;;TRANSLATOR_VOID_BLUE;XIRECS;11352.0;1
716100;;;TRANSLATOR_ASTRO_BLACK;XIRECS;8901.0;2
716100;;;TRANSLATOR_ECLIPSE_CHARCOAL;XIRECS;9445.0;2
716100;;;TRANSLATOR_GRAPHITE_MIST;XIRECS;9990.0;2
716100;;;TRANSLATOR_SPACE_GRAY;XIRECS;9719.0;2
716100;;;TRANSLATOR_VOID_BLUE;XIRECS;11487.0;2
716600;;;TRANSLATOR_ASTRO_BLACK;XIRECS;8889.0;1
716600;;;TRANSLATOR_ECLIPSE_CHARCOAL;XIRECS;9447.0;1
716600;;;TRANSLATOR_GRAPHITE_MIST;XIRECS;10032.0;1
716600;;;TRANSLATOR_SPACE_GRAY;XIRECS;9796.0;1
716600;;;TRANSLATOR_VOID_BLUE;XIRECS;11479.0;1
719000;;;TRANSLATOR_ASTRO_BLACK;XIRECS;8902.0;4
719000;;;TRANSLATOR_ECLIPSE_CHARCOAL;XIRECS;9413.0;4
719000;;;TRANSLATOR_GRAPHITE_MIST;XIRECS;10060.0;4
719000;;;TRANSLATOR_SPACE_GRAY;XIRECS;9819.0;4
719000;;;TRANSLATOR_VOID_BLUE;XIRECS;11444.0;4
719500;;;TRANSLATOR_ASTRO_BLACK;XIRECS;8884.0;1
719500;;;TRANSLATOR_ECLIPSE_CHARCOAL;XIRECS;9407.0;1
719500;;;TRANSLATOR_GRAPHITE_MIST;XIRECS;10048.0;1
719500;;;TRANSLATOR_SPACE_GRAY;XIRECS;9854.0;1
719500;;;TRANSLATOR_VOID_BLUE;XIRECS;11441.0;1
720700;;;TRANSLATOR_ASTRO_BLACK;XIRECS;8957.0;2
720700;;;TRANSLATOR_ECLIPSE_CHARCOAL;XIRECS;9384.0;2
720700;;;TRANSLATOR_GRAPHITE_MIST;XIRECS;10112.0;2
720700;;;TRANSLATOR_SPACE_GRAY;XIRECS;9905.0;2
720700;;;TRANSLATOR_VOID_BLUE;XIRECS;11476.0;2
723200;;;TRANSLATOR_ASTRO_BLACK;XIRECS;8894.0;4
723200;;;TRANSLATOR_ECLIPSE_CHARCOAL;XIRECS;9443.0;4
723200;;;TRANSLATOR_GRAPHITE_MIST;XIRECS;10082.0;4
723200;;;TRANSLATOR_SPACE_GRAY;XIRECS;9864.0;4
723200;;;TRANSLATOR_VOID_BLUE;XIRECS;11498.0;4
725000;;;TRANSLATOR_ASTRO_BLACK;XIRECS;8946.0;2
725000;;;TRANSLATOR_ECLIPSE_CHARCOAL;XIRECS;9495.0;2
725000;;;TRANSLATOR_GRAPHITE_MIST;XIRECS;10040.0;2
725000;;;TRANSLATOR_SPACE_GRAY;XIRECS;9887.0;2
725000;;;TRANSLATOR_VOID_BLUE;XIRECS;11361.0;2
729000;;;TRANSLATOR_ASTRO_BLACK;XIRECS;8915.0;4
729000;;;TRANSLATOR_ECLIPSE_CHARCOAL;XIRECS;9537.0;4
729000;;;TRANSLATOR_GRAPHITE_MIST;XIRECS;9993.0;4
729000;;;TRANSLATOR_SPACE_GRAY;XIRECS;9883.0;4
729000;;;TRANSLATOR_VOID_BLUE;XIRECS;11381.0;4
733300;;;TRANSLATOR_ASTRO_BLACK;XIRECS;8869.0;4
733300;;;TRANSLATOR_ECLIPSE_CHARCOAL;XIRECS;9533.0;4
733300;;;TRANSLATOR_GRAPHITE_MIST;XIRECS;9914.0;4
733300;;;TRANSLATOR_SPACE_GRAY;XIRECS;9964.0;4
733300;;;TRANSLATOR_VOID_BLUE;XIRECS;11358.0;4
735300;;;TRANSLATOR_ASTRO_BLACK;XIRECS;8824.0;3
735300;;;TRANSLATOR_ECLIPSE_CHARCOAL;XIRECS;9576.0;3
735300;;;TRANSLATOR_GRAPHITE_MIST;XIRECS;9908.0;3
735300;;;TRANSLATOR_SPACE_GRAY;XIRECS;9956.0;3
735300;;;TRANSLATOR_VOID_BLUE;XIRECS;11418.0;3
745000;;;TRANSLATOR_ASTRO_BLACK;XIRECS;8856.0;3
745000;;;TRANSLATOR_ECLIPSE_CHARCOAL;XIRECS;9504.0;3
745000;;;TRANSLATOR_GRAPHITE_MIST;XIRECS;9818.0;3
745000;;;TRANSLATOR_SPACE_GRAY;XIRECS;10005.0;3
745000;;;TRANSLATOR_VOID_BLUE;XIRECS;11504.0;3
749000;;;TRANSLATOR_ASTRO_BLACK;XIRECS;8794.0;4
749000;;;TRANSLATOR_ECLIPSE_CHARCOAL;XIRECS;9400.0;4
749000;;;TRANSLATOR_GRAPHITE_MIST;XIRECS;9861.0;4
749000;;;TRANSLATOR_SPACE_GRAY;XIRECS;10055.0;4
749000;;;TRANSLATOR_VOID_BLUE;XIRECS;11553.0;4
753600;;;TRANSLATOR_ASTRO_BLACK;XIRECS;8775.0;3
753600;;;TRANSLATOR_ECLIPSE_CHARCOAL;XIRECS;9391.0;3
753600;;;TRANSLATOR_GRAPHITE_MIST;XIRECS;9743.0;3
753600;;;TRANSLATOR_SPACE_GRAY;XIRECS;10142.0;3
753600;;;TRANSLATOR_VOID_BLUE;XIRECS;11610.0;3
754800;;;TRANSLATOR_ASTRO_BLACK;XIRECS;8746.0;4
754800;;;TRANSLATOR_ECLIPSE_CHARCOAL;XIRECS;9423.0;4
754800;;;TRANSLATOR_GRAPHITE_MIST;XIRECS;9748.0;4
754800;;;TRANSLATOR_SPACE_GRAY;XIRECS;10117.0;4
754800;;;TRANSLATOR_VOID_BLUE;XIRECS;11606.0;4
756000;;;TRANSLATOR_ASTRO_BLACK;XIRECS;8778.0;2
756000;;;TRANSLATOR_ECLIPSE_CHARCOAL;XIRECS;9423.0;2
756000;;;TRANSLATOR_GRAPHITE_MIST;XIRECS;9758.0;2
756000;;;TRANSLATOR_SPACE_GRAY;XIRECS;10127.0;2
756000;;;TRANSLATOR_VOID_BLUE;XIRECS;11570.0;2
762400;;;TRANSLATOR_ASTRO_BLACK;XIRECS;8707.0;3
762400;;;TRANSLATOR_ECLIPSE_CHARCOAL;XIRECS;9472.0;3
762400;;;TRANSLATOR_GRAPHITE_MIST;XIRECS;9782.0;3
762400;;;TRANSLATOR_SPACE_GRAY;XIRECS;10109.0;3
762400;;;TRANSLATOR_VOID_BLUE;XIRECS;11586.0;3
769000;;;TRANSLATOR_ASTRO_BLACK;XIRECS;8718.0;1
769000;;;TRANSLATOR_ECLIPSE_CHARCOAL;XIRECS;9490.0;1
769000;;;TRANSLATOR_GRAPHITE_MIST;XIRECS;9823.0;1
769000;;;TRANSLATOR_SPACE_GRAY;XIRECS;10160.0;1
769000;;;TRANSLATOR_VOID_BLUE;XIRECS;11529.0;1
778100;;;TRANSLATOR_ASTRO_BLACK;XIRECS;8742.0;1
778100;;;TRANSLATOR_ECLIPSE_CHARCOAL;XIRECS;9526.0;1
778100;;;TRANSLATOR_GRAPHITE_MIST;XIRECS;9886.0;1
778100;;;TRANSLATOR_SPACE_GRAY;XIRECS;10202.0;1
778100;;;TRANSLATOR_VOID_BLUE;XIRECS;11500.0;1
779300;;;TRANSLATOR_ASTRO_BLACK;XIRECS;8764.0;1
779300;;;TRANSLATOR_ECLIPSE_CHARCOAL;XIRECS;9527.0;1
779300;;;TRANSLATOR_GRAPHITE_MIST;XIRECS;9913.0;1
779300;;;TRANSLATOR_SPACE_GRAY;XIRECS;10154.0;1
779300;;;TRANSLATOR_VOID_BLUE;XIRECS;11522.0;1
783800;;;TRANSLATOR_ASTRO_BLACK;XIRECS;8793.0;1
783800;;;TRANSLATOR_ECLIPSE_CHARCOAL;XIRECS;9540.0;1
783800;;;TRANSLATOR_GRAPHITE_MIST;XIRECS;9958.0;1
783800;;;TRANSLATOR_SPACE_GRAY;XIRECS;10089.0;1
783800;;;TRANSLATOR_VOID_BLUE;XIRECS;11474.0;1
787500;;;TRANSLATOR_ASTRO_BLACK;XIRECS;8712.0;4
787500;;;TRANSLATOR_ECLIPSE_CHARCOAL;XIRECS;9574.0;4
787500;;;TRANSLATOR_GRAPHITE_MIST;XIRECS;10071.0;4
787500;;;TRANSLATOR_SPACE_GRAY;XIRECS;10022.0;4
787500;;;TRANSLATOR_VOID_BLUE;XIRECS;11422.0;4
790300;;;TRANSLATOR_ASTRO_BLACK;XIRECS;8641.0;4
790300;;;TRANSLATOR_ECLIPSE_CHARCOAL;XIRECS;9628.0;4
790300;;;TRANSLATOR_GRAPHITE_MIST;XIRECS;10068.0;4
790300;;;TRANSLATOR_SPACE_GRAY;XIRECS;9968.0;4
790300;;;TRANSLATOR_VOID_BLUE;XIRECS;11340.0;4
791600;;;TRANSLATOR_ASTRO_BLACK;XIRECS;8634.0;1
791600;;;TRANSLATOR_ECLIPSE_CHARCOAL;XIRECS;9597.0;1
791600;;;TRANSLATOR_GRAPHITE_MIST;XIRECS;10147.0;1
791600;;;TRANSLATOR_SPACE_GRAY;XIRECS;9960.0;1
791600;;;TRANSLATOR_VOID_BLUE;XIRECS;11372.0;1
793300;;;TRANSLATOR_ASTRO_BLACK;XIRECS;8642.0;2
793300;;;TRANSLATOR_ECLIPSE_CHARCOAL;XIRECS;9549.0;2
793300;;;TRANSLATOR_GRAPHITE_MIST;XIRECS;10181.0;2
793300;;;TRANSLATOR_SPACE_GRAY;XIRECS;9989.0;2
793300;;;TRANSLATOR_VOID_BLUE;XIRECS;11366.0;2
794900;;;TRANSLATOR_ASTRO_BLACK;XIRECS;8614.0;3
794900;;;TRANSLATOR_ECLIPSE_CHARCOAL;XIRECS;9572.0;3
794900;;;TRANSLATOR_GRAPHITE_MIST;XIRECS;10179.0;3
794900;;;TRANSLATOR_SPACE_GRAY;XIRECS;10027.0;3
794900;;;TRANSLATOR_VOID_BLUE;XIRECS;11326.0;3
803000;;;TRANSLATOR_ASTRO_BLACK;XIRECS;8683.0;4
803000;;;TRANSLATOR_ECLIPSE_CHARCOAL;XIRECS;9625.0;4
803000;;;TRANSLATOR_GRAPHITE_MIST;XIRECS;10159.0;4
803000;;;TRANSLATOR_SPACE_GRAY;XIRECS;10078.0;4
803000;;;TRANSLATOR_VOID_BLUE;XIRECS;11166.0;4
806000;;;TRANSLATOR_ASTRO_BLACK;XIRECS;8703.0;1
806000;;;TRANSLATOR_ECLIPSE_CHARCOAL;XIRECS;9629.0;1
806000;;;TRANSLATOR_GRAPHITE_MIST;XIRECS;10128.0;1
806000;;;TRANSLATOR_SPACE_GRAY;XIRECS;10010.0;1
806000;;;TRANSLATOR_VOID_BLUE;XIRECS;11118.0;1
807700;;;TRANSLATOR_ASTRO_BLACK;XIRECS;8668.0;2
807700;;;TRANSLATOR_ECLIPSE_CHARCOAL;XIRECS;9628.0;2
807700;;;TRANSLATOR_GRAPHITE_MIST;XIRECS;10191.0;2
807700;;;TRANSLATOR_SPACE_GRAY;XIRECS;9997.0;2
807700;;;TRANSLATOR_VOID_BLUE;XIRECS;11067.0;2
809500;;;TRANSLATOR_ASTRO_BLACK;XIRECS;8686.0;3
809500;;;TRANSLATOR_ECLIPSE_CHARCOAL;XIRECS;9663.0;3
809500;;;TRANSLATOR_GRAPHITE_MIST;XIRECS;10168.0;3
809500;;;TRANSLATOR_SPACE_GRAY;XIRECS;10003.0;3
809500;;;TRANSLATOR_VOID_BLUE;XIRECS;10978.0;3
811600;;;TRANSLATOR_ASTRO_BLACK;XIRECS;8687.0;3
811600;;;TRANSLATOR_ECLIPSE_CHARCOAL;XIRECS;9616.0;3
811600;;;TRANSLATOR_GRAPHITE_MIST;XIRECS;10262.0;3
811600;;;TRANSLATOR_SPACE_GRAY;XIRECS;9993.0;3
811600;;;TRANSLATOR_VOID_BLUE;XIRECS;10927.0;3
813500;;;TRANSLATOR_ASTRO_BLACK;XIRECS;8662.0;1
813500;;;TRANSLATOR_ECLIPSE_CHARCOAL;XIRECS;9590.0;1
813500;;;TRANSLATOR_GRAPHITE_MIST;XIRECS;10247.0;1
813500;;;TRANSLATOR_SPACE_GRAY;XIRECS;9984.0;1
813500;;;TRANSLATOR_VOID_BLUE;XIRECS;10933.0;1
822900;;;TRANSLATOR_ASTRO_BLACK;XIRECS;8672.0;4
822900;;;TRANSLATOR_ECLIPSE_CHARCOAL;XIRECS;9590.0;4
822900;;;TRANSLATOR_GRAPHITE_MIST;XIRECS;10302.0;4
822900;;;TRANSLATOR_SPACE_GRAY;XIRECS;9925.0;4
822900;;;TRANSLATOR_VOID_BLUE;XIRECS;10872.0;4
828800;;;TRANSLATOR_ASTRO_BLACK;XIRECS;8698.0;2
828800;;;TRANSLATOR_ECLIPSE_CHARCOAL;XIRECS;9749.0;2
828800;;;TRANSLATOR_GRAPHITE_MIST;XIRECS;10261.0;2
828800;;;TRANSLATOR_SPACE_GRAY;XIRECS;9935.0;2
828800;;;TRANSLATOR_VOID_BLUE;XIRECS;10883.0;2
833200;;;TRANSLATOR_ASTRO_BLACK;XIRECS;8682.0;4
833200;;;TRANSLATOR_ECLIPSE_CHARCOAL;XIRECS;9736.0;4
833200;;;TRANSLATOR_GRAPHITE_MIST;XIRECS;10260.0;4
833200;;;TRANSLATOR_SPACE_GRAY;XIRECS;9911.0;4
833200;;;TRANSLATOR_VOID_BLUE;XIRECS;10799.0;4
834200;;;TRANSLATOR_ASTRO_BLACK;XIRECS;8636.0;4
834200;;;TRANSLATOR_ECLIPSE_CHARCOAL;XIRECS;9777.0;4
834200;;;TRANSLATOR_GRAPHITE_MIST;XIRECS;10221.0;4
834200;;;TRANSLATOR_SPACE_GRAY;XIRECS;9937.0;4
834200;;;TRANSLATOR_VOID_BLUE;XIRECS;10900.0;4
836900;;;TRANSLATOR_ASTRO_BLACK;XIRECS;8610.0;3
836900;;;TRANSLATOR_ECLIPSE_CHARCOAL;XIRECS;9793.0;3
836900;;;TRANSLATOR_GRAPHITE_MIST;XIRECS;10213.0;3
836900;;;TRANSLATOR_SPACE_GRAY;XIRECS;9919.0;3
836900;;;TRANSLATOR_VOID_BLUE;XIRECS;10809.0;3
839200;;;TRANSLATOR_ASTRO_BLACK;XIRECS;8647.0;1
839200;;;TRANSLATOR_ECLIPSE_CHARCOAL;XIRECS;9764.0;1
839200;;;TRANSLATOR_GRAPHITE_MIST;XIRECS;10258.0;1
839200;;;TRANSLATOR_SPACE_GRAY;XIRECS;9983.0;1
839200;;;TRANSLATOR_VOID_BLUE;XIRECS;10798.0;1
841100;;;TRANSLATOR_ASTRO_BLACK;XIRECS;8681.0;4
841100;;;TRANSLATOR_ECLIPSE_CHARCOAL;XIRECS;9755.0;4
841100;;;TRANSLATOR_GRAPHITE_MIST;XIRECS;10217.0;4
841100;;;TRANSLATOR_SPACE_GRAY;XIRECS;9938.0;4
841100;;;TRANSLATOR_VOID_BLUE;XIRECS;10766.0;4
843300;;;TRANSLATOR_ASTRO_BLACK;XIRECS;8680.0;4
843300;;;TRANSLATOR_ECLIPSE_CHARCOAL;XIRECS;9800.0;4
843300;;;TRANSLATOR_GRAPHITE_MIST;XIRECS;10201.0;4
843300;;;TRANSLATOR_SPACE_GRAY;XIRECS;9915.0;4
843300;;;TRANSLATOR_VOID_BLUE;XIRECS;10697.0;4
845400;;;TRANSLATOR_ASTRO_BLACK;XIRECS;8690.0;2
845400;;;TRANSLATOR_ECLIPSE_CHARCOAL;XIRECS;9797.0;2
845400;;;TRANSLATOR_GRAPHITE_MIST;XIRECS;10267.0;2
845400;;;TRANSLATOR_SPACE_GRAY;XIRECS;9921.0;2
845400;;;TRANSLATOR_VOID_BLUE;XIRECS;10674.0;2
847400;;;TRANSLATOR_ASTRO_BLACK;XIRECS;8645.0;3
847400;;;TRANSLATOR_ECLIPSE_CHARCOAL;XIRECS;9864.0;3
847400;;;TRANSLATOR_GRAPHITE_MIST;XIRECS;10260.0;3
847400;;;TRANSLATOR_SPACE_GRAY;XIRECS;9928.0;3
847400;;;TRANSLATOR_VOID_BLUE;XIRECS;10630.0;3
847800;;;TRANSLATOR_ASTRO_BLACK;XIRECS;8637.0;2
847800;;;TRANSLATOR_ECLIPSE_CHARCOAL;XIRECS;9876.0;2
847800;;;TRANSLATOR_GRAPHITE_MIST;XIRECS;10222.0;2
847800;;;TRANSLATOR_SPACE_GRAY;XIRECS;9937.0;2
847800;;;TRANSLATOR_VOID_BLUE;XIRECS;10690.0;2
849900;;;TRANSLATOR_ASTRO_BLACK;XIRECS;8688.0;4
849900;;;TRANSLATOR_ECLIPSE_CHARCOAL;XIRECS;9859.0;4
849900;;;TRANSLATOR_GRAPHITE_MIST;XIRECS;10207.0;4
849900;;;TRANSLATOR_SPACE_GRAY;XIRECS;9956.0;4
849900;;;TRANSLATOR_VOID_BLUE;XIRECS;10698.0;4
852100;;;TRANSLATOR_ASTRO_BLACK;XIRECS;8688.0;2
852100;;;TRANSLATOR_ECLIPSE_CHARCOAL;XIRECS;9875.0;2
852100;;;TRANSLATOR_GRAPHITE_MIST;XIRECS;10243.0;2
852100;;;TRANSLATOR_SPACE_GRAY;XIRECS;9958.0;2
852100;;;TRANSLATOR_VOID_BLUE;XIRECS;10705.0;2
854500;;;TRANSLATOR_ASTRO_BLACK;XIRECS;8665.0;1
854500;;;TRANSLATOR_ECLIPSE_CHARCOAL;XIRECS;9862.0;1
854500;;;TRANSLATOR_GRAPHITE_MIST;XIRECS;10302.0;1
854500;;;TRANSLATOR_SPACE_GRAY;XIRECS;9895.0;1
854500;;;TRANSLATOR_VOID_BLUE;XIRECS;10784.0;1
861700;;;TRANSLATOR_ASTRO_BLACK;XIRECS;8650.0;1
861700;;;TRANSLATOR_ECLIPSE_CHARCOAL;XIRECS;9978.0;1
861700;;;TRANSLATOR_GRAPHITE_MIST;XIRECS;10169.0;1
861700;;;TRANSLATOR_SPACE_GRAY;XIRECS;9945.0;1
861700;;;TRANSLATOR_VOID_BLUE;XIRECS;10752.0;1
871900;;;TRANSLATOR_ASTRO_BLACK;XIRECS;8716.0;4
871900;;;TRANSLATOR_ECLIPSE_CHARCOAL;XIRECS;9910.0;4
871900;;;TRANSLATOR_GRAPHITE_MIST;XIRECS;10351.0;4
871900;;;TRANSLATOR_SPACE_GRAY;XIRECS;9935.0;4
871900;;;TRANSLATOR_VOID_BLUE;XIRECS;10656.0;4
872100;;;TRANSLATOR_ASTRO_BLACK;XIRECS;8708.0;2
872100;;;TRANSLATOR_ECLIPSE_CHARCOAL;XIRECS;9918.0;2
872100;;;TRANSLATOR_GRAPHITE_MIST;XIRECS;10344.0;2
872100;;;TRANSLATOR_SPACE_GRAY;XIRECS;9952.0;2
872100;;;TRANSLATOR_VOID_BLUE;XIRECS;10643.0;2
872700;;;TRANSLATOR_ASTRO_BLACK;XIRECS;8724.0;4
872700;;;TRANSLATOR_ECLIPSE_CHARCOAL;XIRECS;9914.0;4
872700;;;TRANSLATOR_GRAPHITE_MIST;XIRECS;10381.0;4
872700;;;TRANSLATOR_SPACE_GRAY;XIRECS;9951.0;4
872700;;;TRANSLATOR_VOID_BLUE;XIRECS;10683.0;4
881200;;;TRANSLATOR_ASTRO_BLACK;XIRECS;8822.0;3
881200;;;TRANSLATOR_ECLIPSE_CHARCOAL;XIRECS;9906.0;3
881200;;;TRANSLATOR_GRAPHITE_MIST;XIRECS;10440.0;3
881200;;;TRANSLATOR_SPACE_GRAY;XIRECS;9817.0;3
881200;;;TRANSLATOR_VOID_BLUE;XIRECS;10746.0;3
889500;;;TRANSLATOR_ASTRO_BLACK;XIRECS;8821.0;2
889500;;;TRANSLATOR_ECLIPSE_CHARCOAL;XIRECS;9941.0;2
889500;;;TRANSLATOR_GRAPHITE_MIST;XIRECS;10378.0;2
889500;;;TRANSLATOR_SPACE_GRAY;XIRECS;9833.0;2
889500;;;TRANSLATOR_VOID_BLUE;XIRECS;10608.0;2
890100;;;TRANSLATOR_ASTRO_BLACK;XIRECS;8831.0;3
890100;;;TRANSLATOR_ECLIPSE_CHARCOAL;XIRECS;9933.0;3
890100;;;TRANSLATOR_GRAPHITE_MIST;XIRECS;10400.0;3
890100;;;TRANSLATOR_SPACE_GRAY;XIRECS;9807.0;3
890100;;;TRANSLATOR_VOID_BLUE;XIRECS;10625.0;3
890600;;;TRANSLATOR_ASTRO_BLACK;XIRECS;8833.0;4
890600;;;TRANSLATOR_ECLIPSE_CHARCOAL;XIRECS;9929.0;4
890600;;;TRANSLATOR_GRAPHITE_MIST;XIRECS;10408.0;4
890600;;;TRANSLATOR_SPACE_GRAY;XIRECS;9816.0;4
890600;;;TRANSLATOR_VOID_BLUE;XIRECS;10642.0;4
894600;;;TRANSLATOR_ASTRO_BLACK;XIRECS;8909.0;2
894600;;;TRANSLATOR_ECLIPSE_CHARCOAL;XIRECS;9907.0;2
894600;;;TRANSLATOR_GRAPHITE_MIST;XIRECS;10407.0;2
894600;;;TRANSLATOR_SPACE_GRAY;XIRECS;9805.0;2
894600;;;TRANSLATOR_VOID_BLUE;XIRECS;10603.0;2
895200;;;TRANSLATOR_ASTRO_BLACK;XIRECS;8913.0;4
895200;;;TRANSLATOR_ECLIPSE_CHARCOAL;XIRECS;9881.0;4
895200;;;TRANSLATOR_GRAPHITE_MIST;XIRECS;10387.0;4
895200;;;TRANSLATOR_SPACE_GRAY;XIRECS;9793.0;4
895200;;;TRANSLATOR_VOID_BLUE;XIRECS;10632.0;4
895500;;;TRANSLATOR_ASTRO_BLACK;XIRECS;8941.0;4
895500;;;TRANSLATOR_ECLIPSE_CHARCOAL;XIRECS;9896.0;4
895500;;;TRANSLATOR_GRAPHITE_MIST;XIRECS;10426.0;4
895500;;;TRANSLATOR_SPACE_GRAY;XIRECS;9827.0;4
895500;;;TRANSLATOR_VOID_BLUE;XIRECS;10665.0;4
896300;;;TRANSLATOR_ASTRO_BLACK;XIRECS;8921.0;1
896300;;;TRANSLATOR_ECLIPSE_CHARCOAL;XIRECS;9878.0;1
896300;;;TRANSLATOR_GRAPHITE_MIST;XIRECS;10426.0;1
896300;;;TRANSLATOR_SPACE_GRAY;XIRECS;9854.0;1
896300;;;TRANSLATOR_VOID_BLUE;XIRECS;10676.0;1
902100;;;TRANSLATOR_ASTRO_BLACK;XIRECS;8929.0;2
902100;;;TRANSLATOR_ECLIPSE_CHARCOAL;XIRECS;9784.0;2
902100;;;TRANSLATOR_GRAPHITE_MIST;XIRECS;10601.0;2
902100;;;TRANSLATOR_SPACE_GRAY;XIRECS;9726.0;2
902100;;;TRANSLATOR_VOID_BLUE;XIRECS;10676.0;2
903800;;;TRANSLATOR_ASTRO_BLACK;XIRECS;8957.0;2
903800;;;TRANSLATOR_ECLIPSE_CHARCOAL;XIRECS;9729.0;2
903800;;;TRANSLATOR_GRAPHITE_MIST;XIRECS;10635.0;2
903800;;;TRANSLATOR_SPACE_GRAY;XIRECS;9746.0;2
903800;;;TRANSLATOR_VOID_BLUE;XIRECS;10702.0;2
904700;;;TRANSLATOR_ASTRO_BLACK;XIRECS;8980.0;4
904700;;;TRANSLATOR_ECLIPSE_CHARCOAL;XIRECS;9711.0;4
904700;;;TRANSLATOR_GRAPHITE_MIST;XIRECS;10638.0;4
904700;;;TRANSLATOR_SPACE_GRAY;XIRECS;9764.0;4
904700;;;TRANSLATOR_VOID_BLUE;XIRECS;10713.0;4
909000;;;TRANSLATOR_ASTRO_BLACK;XIRECS;9028.0;2
909000;;;TRANSLATOR_ECLIPSE_CHARCOAL;XIRECS;9636.0;2
909000;;;TRANSLATOR_GRAPHITE_MIST;XIRECS;10670.0;2
909000;;;TRANSLATOR_SPACE_GRAY;XIRECS;9687.0;2
909000;;;TRANSLATOR_VOID_BLUE;XIRECS;10838.0;2
913300;;;TRANSLATOR_ASTRO_BLACK;XIRECS;9103.0;2
913300;;;TRANSLATOR_ECLIPSE_CHARCOAL;XIRECS;9667.0;2
913300;;;TRANSLATOR_GRAPHITE_MIST;XIRECS;10639.0;2
913300;;;TRANSLATOR_SPACE_GRAY;XIRECS;9858.0;2
913300;;;TRANSLATOR_VOID_BLUE;XIRECS;10869.0;2
916000;;;TRANSLATOR_ASTRO_BLACK;XIRECS;9134.0;2
916000;;;TRANSLATOR_ECLIPSE_CHARCOAL;XIRECS;9639.0;2
916000;;;TRANSLATOR_GRAPHITE_MIST;XIRECS;10618.0;2
916000;;;TRANSLATOR_SPACE_GRAY;XIRECS;9888.0;2
916000;;;TRANSLATOR_VOID_BLUE;XIRECS;10789.0;2
918500;;;TRANSLATOR_ASTRO_BLACK;XIRECS;9194.0;2
918500;;;TRANSLATOR_ECLIPSE_CHARCOAL;XIRECS;9646.0;2
918500;;;TRANSLATOR_GRAPHITE_MIST;XIRECS;10659.0;2
918500;;;TRANSLATOR_SPACE_GRAY;XIRECS;9851.0;2
918500;;;TRANSLATOR_VOID_BLUE;XIRECS;10800.0;2
919400;;;TRANSLATOR_ASTRO_BLACK;XIRECS;9161.0;3
919400;;;TRANSLATOR_ECLIPSE_CHARCOAL;XIRECS;9649.0;3
919400;;;TRANSLATOR_GRAPHITE_MIST;XIRECS;10659.0;3
919400;;;TRANSLATOR_SPACE_GRAY;XIRECS;9889.0;3
919400;;;TRANSLATOR_VOID_BLUE;XIRECS;10721.0;3
921000;;;TRANSLATOR_ASTRO_BLACK;XIRECS;9186.0;1
921000;;;TRANSLATOR_ECLIPSE_CHARCOAL;XIRECS;9619.0;1
921000;;;TRANSLATOR_GRAPHITE_MIST;XIRECS;10665.0;1
921000;;;TRANSLATOR_SPACE_GRAY;XIRECS;9957.0;1
921000;;;TRANSLATOR_VOID_BLUE;XIRECS;10793.0;1
927800;;;TRANSLATOR_ASTRO_BLACK;XIRECS;9166.0;3
927800;;;TRANSLATOR_ECLIPSE_CHARCOAL;XIRECS;9687.0;3
927800;;;TRANSLATOR_GRAPHITE_MIST;XIRECS;10806.0;3
927800;;;TRANSLATOR_SPACE_GRAY;XIRECS;9931.0;3
927800;;;TRANSLATOR_VOID_BLUE;XIRECS;10821.0;3
936200;;;TRANSLATOR_ASTRO_BLACK;XIRECS;9149.0;1
936200;;;TRANSLATOR_ECLIPSE_CHARCOAL;XIRECS;9697.0;1
936200;;;TRANSLATOR_GRAPHITE_MIST;XIRECS;11007.0;1
936200;;;TRANSLATOR_SPACE_GRAY;XIRECS;10084.0;1
936200;;;TRANSLATOR_VOID_BLUE;XIRECS;10876.0;1
946300;;;TRANSLATOR_ASTRO_BLACK;XIRECS;9127.0;4
946300;;;TRANSLATOR_ECLIPSE_CHARCOAL;XIRECS;9797.0;4
946300;;;TRANSLATOR_GRAPHITE_MIST;XIRECS;11045.0;4
946300;;;TRANSLATOR_SPACE_GRAY;XIRECS;10157.0;4
946300;;;TRANSLATOR_VOID_BLUE;XIRECS;10964.0;4
954300;;;TRANSLATOR_ASTRO_BLACK;XIRECS;9108.0;4
954300;;;TRANSLATOR_ECLIPSE_CHARCOAL;XIRECS;9756.0;4
954300;;;TRANSLATOR_GRAPHITE_MIST;XIRECS;11225.0;4
954300;;;TRANSLATOR_SPACE_GRAY;XIRECS;10075.0;4
954300;;;TRANSLATOR_VOID_BLUE;XIRECS;10867.0;4
955600;;;TRANSLATOR_ASTRO_BLACK;XIRECS;9140.0;4
955600;;;TRANSLATOR_ECLIPSE_CHARCOAL;XIRECS;9766.0;4
955600;;;TRANSLATOR_GRAPHITE_MIST;XIRECS;11225.0;4
955600;;;TRANSLATOR_SPACE_GRAY;XIRECS;10109.0;4
955600;;;TRANSLATOR_VOID_BLUE;XIRECS;10923.0;4
958000;;;TRANSLATOR_ASTRO_BLACK;XIRECS;9170.0;4
958000;;;TRANSLATOR_ECLIPSE_CHARCOAL;XIRECS;9748.0;4
958000;;;TRANSLATOR_GRAPHITE_MIST;XIRECS;11205.0;4
958000;;;TRANSLATOR_SPACE_GRAY;XIRECS;10101.0;4
958000;;;TRANSLATOR_VOID_BLUE;XIRECS;10856.0;4
964200;;;TRANSLATOR_ASTRO_BLACK;XIRECS;9183.0;1
964200;;;TRANSLATOR_ECLIPSE_CHARCOAL;XIRECS;9726.0;1
964200;;;TRANSLATOR_GRAPHITE_MIST;XIRECS;11121.0;1
964200;;;TRANSLATOR_SPACE_GRAY;XIRECS;10211.0;1
964200;;;TRANSLATOR_VOID_BLUE;XIRECS;10870.0;1
964600;;;TRANSLATOR_ASTRO_BLACK;XIRECS;9188.0;2
964600;;;TRANSLATOR_ECLIPSE_CHARCOAL;XIRECS;9699.0;2
964600;;;TRANSLATOR_GRAPHITE_MIST;XIRECS;11110.0;2
964600;;;TRANSLATOR_SPACE_GRAY;XIRECS;10211.0;2
964600;;;TRANSLATOR_VOID_BLUE;XIRECS;10891.0;2
969100;;;TRANSLATOR_ASTRO_BLACK;XIRECS;9221.0;2
969100;;;TRANSLATOR_ECLIPSE_CHARCOAL;XIRECS;9629.0;2
969100;;;TRANSLATOR_GRAPHITE_MIST;XIRECS;11082.0;2
969100;;;TRANSLATOR_SPACE_GRAY;XIRECS;10059.0;2
969100;;;TRANSLATOR_VOID_BLUE;XIRECS;10776.0;2
977700;;;TRANSLATOR_ASTRO_BLACK;XIRECS;9328.0;4
977700;;;TRANSLATOR_ECLIPSE_CHARCOAL;XIRECS;9657.0;4
977700;;;TRANSLATOR_GRAPHITE_MIST;XIRECS;10926.0;4
977700;;;TRANSLATOR_SPACE_GRAY;XIRECS;10271.0;4
977700;;;TRANSLATOR_VOID_BLUE;XIRECS;10818.0;4
980000;;;TRANSLATOR_ASTRO_BLACK;XIRECS;9362.0;3
980000;;;TRANSLATOR_ECLIPSE_CHARCOAL;XIRECS;9599.0;3
980000;;;TRANSLATOR_GRAPHITE_MIST;XIRECS;10948.0;3
980000;;;TRANSLATOR_SPACE_GRAY;XIRECS;10214.0;3
980000;;;TRANSLATOR_VOID_BLUE;XIRECS;10863.0;3
987100;;;TRANSLATOR_ASTRO_BLACK;XIRECS;9262.0;2
987100;;;TRANSLATOR_ECLIPSE_CHARCOAL;XIRECS;9630.0;2
987100;;;TRANSLATOR_GRAPHITE_MIST;XIRECS;10950.0;2
987100;;;TRANSLATOR_SPACE_GRAY;XIRECS;10148.0;2
987100;;;TRANSLATOR_VOID_BLUE;XIRECS;10754.0;2
992200;;;TRANSLATOR_ASTRO_BLACK;XIRECS;9243.0;1
992200;;;TRANSLATOR_ECLIPSE_CHARCOAL;XIRECS;9722.0;1
992200;;;TRANSLATOR_GRAPHITE_MIST;XIRECS;11008.0;1
992200;;;TRANSLATOR_SPACE_GRAY;XIRECS;10157.0;1
992200;;;TRANSLATOR_VOID_BLUE;XIRECS;10764.0;1
995900;;;TRANSLATOR_ASTRO_BLACK;XIRECS;9168.0;4
995900;;;TRANSLATOR_ECLIPSE_CHARCOAL;XIRECS;9660.0;4
995900;;;TRANSLATOR_GRAPHITE_MIST;XIRECS;11035.0;4
995900;;;TRANSLATOR_SPACE_GRAY;XIRECS;10156.0;4
995900;;;TRANSLATOR_VOID_BLUE;XIRECS;10733.0;4
999500;;;TRANSLATOR_ASTRO_BLACK;XIRECS;9132.0;4
999500;;;TRANSLATOR_ECLIPSE_CHARCOAL;XIRECS;9635.0;4
999500;;;TRANSLATOR_GRAPHITE_MIST;XIRECS;11095.0;4
999500;;;TRANSLATOR_SPACE_GRAY;XIRECS;10129.0;4
999500;;;TRANSLATOR_VOID_BLUE;XIRECS;10662.0;4
