timestamp;buyer;seller;symbol;currency;price;quantity
10900;;;PEBBLES_L;XIRECS;11046.0;5
10900;;;PEBBLES_M;XIRECS;11330.0;5
10900;;;PEBBLES_S;XIRECS;8817.0;5
10900;;;PEBBLES_XL;XIRECS;12195.0;5
10900;;;PEBBLES_XS;XIRECS;6644.0;5
16000;;;PEBBLES_L;XIRECS;11047.0;3
16000;;;PEBBLES_M;XIRECS;11130.0;3
16000;;;PEBBLES_S;XIRECS;8749.0;3
16000;;;PEBBLES_XL;XIRECS;12327.0;3
16000;;;PEBBLES_XS;XIRECS;6714.0;3
26000;;;PEBBLES_L;XIRECS;10940.0;5
26000;;;PEBBLES_M;XIRECS;11116.0;5
26000;;;PEBBLES_S;XIRECS;8512.0;5
26000;;;PEBBLES_XL;XIRECS;12584.0;5
26000;;;PEBBLES_XS;XIRECS;6817.0;5
28400;;;PEBBLES_L;XIRECS;10858.0;3
28400;;;PEBBLES_M;XIRECS;11113.0;3
28400;;;PEBBLES_S;XIRECS;8604.0;3
28400;;;PEBBLES_XL;XIRECS;12470.0;3
28400;;;PEBBLES_XS;XIRECS;6923.0;3
29200;;;PEBBLES_L;XIRECS;10800.0;2
29200;;;PEBBLES_M;XIRECS;11174.0;2
29200;;;PEBBLES_S;XIRECS;8674.0;2
29200;;;PEBBLES_XL;XIRECS;12312.0;2
29200;;;PEBBLES_XS;XIRECS;7006.0;2
30100;;;PEBBLES_L;XIRECS;10775.0;4
30100;;;PEBBLES_M;XIRECS;11166.0;4
30100;;;PEBBLES_S;XIRECS;8651.0;4
30100;;;PEBBLES_XL;XIRECS;12428.0;4
30100;;;PEBBLES_XS;XIRECS;6948.0;4
30300;;;PEBBLES_L;XIRECS;10795.0;4
30300;;;PEBBLES_M;XIRECS;11146.0;4
30300;;;PEBBLES_S;XIRECS;8678.0;4
30300;;;PEBBLES_XL;XIRECS;12446.0;4
30300;;;PEBBLES_XS;XIRECS;6966.0;4
31500;;;PEBBLES_L;XIRECS;10734.0;4
31500;;;PEBBLES_M;XIRECS;11219.0;4
31500;;;PEBBLES_S;XIRECS;8751.0;4
31500;;;PEBBLES_XL;XIRECS;12304.0;4
31500;;;PEBBLES_XS;XIRECS;7025.0;4
39800;;;PEBBLES_L;XIRECS;10797.0;5
39800;;;PEBBLES_M;XIRECS;11172.0;5
39800;;;PEBBLES_S;XIRECS;8785.0;5
39800;;;PEBBLES_XL;XIRECS;12221.0;5
39800;;;PEBBLES_XS;XIRECS;6993.0;5
40300;;;PEBBLES_L;XIRECS;10762.0;2
40300;;;PEBBLES_M;XIRECS;11163.0;2
40300;;;PEBBLES_S;XIRECS;8787.0;2
40300;;;PEBBLES_XL;XIRECS;12297.0;2
40300;;;PEBBLES_XS;XIRECS;7024.0;2
45300;;;PEBBLES_L;XIRECS;10777.0;2
45300;;;PEBBLES_M;XIRECS;10938.0;2
45300;;;PEBBLES_S;XIRECS;8766.0;2
45300;;;PEBBLES_XL;XIRECS;12455.0;2
45300;;;PEBBLES_XS;XIRECS;7031.0;2
47100;;;PEBBLES_L;XIRECS;10849.0;2
47100;;;PEBBLES_M;XIRECS;10972.0;2
47100;;;PEBBLES_S;XIRECS;8777.0;2
47100;;;PEBBLES_XL;XIRECS;12319.0;2
47100;;;PEBBLES_XS;XIRECS;7114.0;2
57900;;;PEBBLES_L;XIRECS;10945.0;5
57900;;;PEBBLES_M;XIRECS;11080.0;5
57900;;;PEBBLES_S;XIRECS;8788.0;5
57900;;;PEBBLES_XL;XIRECS;12211.0;5
57900;;;PEBBLES_XS;XIRECS;7009.0;5
59300;;;PEBBLES_L;XIRECS;10928.0;4
59300;;;PEBBLES_M;XIRECS;11143.0;4
59300;;;PEBBLES_S;XIRECS;8746.0;4
59300;;;PEBBLES_XL;XIRECS;12134.0;4
59300;;;PEBBLES_XS;XIRECS;7082.0;4
59400;;;PEBBLES_L;XIRECS;10896.0;5
59400;;;PEBBLES_M;XIRECS;11134.0;5
59400;;;PEBBLES_S;XIRECS;8740.0;5
59400;;;PEBBLES_XL;XIRECS;12135.0;5
59400;;;PEBBLES_XS;XIRECS;7062.0;5
72500;;;PEBBLES_L;XIRECS;10906.0;4
72500;;;PEBBLES_M;XIRECS;11135.0;4
72500;;;PEBBLES_S;XIRECS;8618.0;4
72500;;;PEBBLES_XL;XIRECS;12382.0;4
72500;;;PEBBLES_XS;XIRECS;6991.0;4
81000;;;PEBBLES_L;XIRECS;10935.0;3
81000;;;PEBBLES_M;XIRECS;11143.0;3
81000;;;PEBBLES_S;XIRECS;8627.0;3
81000;;;PEBBLES_XL;XIRECS;12550.0;3
81000;;;PEBBLES_XS;XIRECS;6713.0;3
85400;;;PEBBLES_L;XIRECS;10982.0;3
85400;;;PEBBLES_M;XIRECS;10944.0;3
85400;;;PEBBLES_S;XIRECS;8679.0;3
85400;;;PEBBLES_XL;XIRECS;12689.0;3
85400;;;PEBBLES_XS;XIRECS;6673.0;3
88900;;;PEBBLES_L;XIRECS;10905.0;2
88900;;;PEBBLES_M;XIRECS;11033.0;2
88900;;;PEBBLES_S;XIRECS;8613.0;2
88900;;;PEBBLES_XL;XIRECS;12726.0;2
88900;;;PEBBLES_XS;XIRECS;6689.0;2
92600;;;PEBBLES_L;XIRECS;11085.0;5
92600;;;PEBBLES_M;XIRECS;10762.0;5
92600;;;PEBBLES_S;XIRECS;8531.0;5
92600;;;PEBBLES_XL;XIRECS;12934.0;5
92600;;;PEBBLES_XS;XIRECS;6721.0;5
95300;;;PEBBLES_L;XIRECS;11001.0;2
95300;;;PEBBLES_M;XIRECS;10800.0;2
95300;;;PEBBLES_S;XIRECS;8475.0;2
95300;;;PEBBLES_XL;XIRECS;12970.0;2
95300;;;PEBBLES_XS;XIRECS;6721.0;2
101600;;;PEBBLES_L;XIRECS;10969.0;3
101600;;;PEBBLES_M;XIRECS;10894.0;3
101600;;;PEBBLES_S;XIRECS;8434.0;3
101600;;;PEBBLES_XL;XIRECS;13016.0;3
101600;;;PEBBLES_XS;XIRECS;6720.0;3
102200;;;PEBBLES_L;XIRECS;11024.0;3
102200;;;PEBBLES_M;XIRECS;10955.0;3
102200;;;PEBBLES_S;XIRECS;8415.0;3
102200;;;PEBBLES_XL;XIRECS;12949.0;3
102200;;;PEBBLES_XS;XIRECS;6691.0;3
109600;;;PEBBLES_L;XIRECS;11092.0;4
109600;;;PEBBLES_M;XIRECS;11220.0;4
109600;;;PEBBLES_S;XIRECS;8490.0;4
109600;;;PEBBLES_XL;XIRECS;12729.0;4
109600;;;PEBBLES_XS;XIRECS;6502.0;4
113600;;;PEBBLES_L;XIRECS;11068.0;2
113600;;;PEBBLES_M;XIRECS;11166.0;2
113600;;;PEBBLES_S;XIRECS;8330.0;2
113600;;;PEBBLES_XL;XIRECS;12930.0;2
113600;;;PEBBLES_XS;XIRECS;6474.0;2
114300;;;PEBBLES_L;XIRECS;11121.0;5
114300;;;PEBBLES_M;XIRECS;11164.0;5
114300;;;PEBBLES_S;XIRECS;8326.0;5
114300;;;PEBBLES_XL;XIRECS;13069.0;5
114300;;;PEBBLES_XS;XIRECS;6352.0;5
122800;;;PEBBLES_L;XIRECS;10910.0;3
122800;;;PEBBLES_M;XIRECS;11151.0;3
122800;;;PEBBLES_S;XIRECS;8171.0;3
122800;;;PEBBLES_XL;XIRECS;13312.0;3
122800;;;PEBBLES_XS;XIRECS;6424.0;3
129400;;;PEBBLES_L;XIRECS;11016.0;2
129400;;;PEBBLES_M;XIRECS;11336.0;2
129400;;;PEBBLES_S;XIRECS;8033.0;2
129400;;;PEBBLES_XL;XIRECS;13195.0;2
129400;;;PEBBLES_XS;XIRECS;6453.0;2
130300;;;PEBBLES_L;XIRECS;11005.0;4
130300;;;PEBBLES_M;XIRECS;11361.0;4
130300;;;PEBBLES_S;XIRECS;8061.0;4
130300;;;PEBBLES_XL;XIRECS;13129.0;4
130300;;;PEBBLES_XS;XIRECS;6477.0;4
135500;;;PEBBLES_L;XIRECS;11101.0;4
135500;;;PEBBLES_M;XIRECS;11223.0;4
135500;;;PEBBLES_S;XIRECS;7929.0;4
135500;;;PEBBLES_XL;XIRECS;13134.0;4
135500;;;PEBBLES_XS;XIRECS;6581.0;4
145100;;;PEBBLES_L;XIRECS;10949.0;5
145100;;;PEBBLES_M;XIRECS;11348.0;5
145100;;;PEBBLES_S;XIRECS;7966.0;5
145100;;;PEBBLES_XL;XIRECS;13179.0;5
145100;;;PEBBLES_XS;XIRECS;6590.0;5
145400;;;PEBBLES_L;XIRECS;10938.0;4
145400;;;PEBBLES_M;XIRECS;11268.0;4
145400;;;PEBBLES_S;XIRECS;7956.0;4
145400;;;PEBBLES_XL;XIRECS;13211.0;4
145400;;;PEBBLES_XS;XIRECS;6594.0;4
146400;;;PEBBLES_L;XIRECS;10990.0;4
146400;;;PEBBLES_M;XIRECS;11349.0;4
146400;;;PEBBLES_S;XIRECS;7951.0;4
146400;;;PEBBLES_XL;XIRECS;13144.0;4
146400;;;PEBBLES_XS;XIRECS;6599.0;4
150600;;;PEBBLES_L;XIRECS;11042.0;2
150600;;;PEBBLES_M;XIRECS;11188.0;2
150600;;;PEBBLES_S;XIRECS;7904.0;2
150600;;;PEBBLES_XL;XIRECS;13234.0;2
150600;;;PEBBLES_XS;XIRECS;6666.0;2
151400;;;PEBBLES_L;XIRECS;10967.0;3
151400;;;PEBBLES_M;XIRECS;11187.0;3
151400;;;PEBBLES_S;XIRECS;7846.0;3
151400;;;PEBBLES_XL;XIRECS;13329.0;3
151400;;;PEBBLES_XS;XIRECS;6640.0;3
151600;;;PEBBLES_L;XIRECS;10975.0;4
151600;;;PEBBLES_M;XIRECS;11177.0;4
151600;;;PEBBLES_S;XIRECS;7865.0;4
151600;;;PEBBLES_XL;XIRECS;13283.0;4
151600;;;PEBBLES_XS;XIRECS;6668.0;4
169900;;;PEBBLES_L;XIRECS;11022.0;2
169900;;;PEBBLES_M;XIRECS;11258.0;2
169900;;;PEBBLES_S;XIRECS;8176.0;2
169900;;;PEBBLES_XL;XIRECS;12852.0;2
169900;;;PEBBLES_XS;XIRECS;6659.0;2
173200;;;PEBBLES_L;XIRECS;11019.0;3
173200;;;PEBBLES_M;XIRECS;11229.0;3
173200;;;PEBBLES_S;XIRECS;8284.0;3
173200;;;PEBBLES_XL;XIRECS;12855.0;3
173200;;;PEBBLES_XS;XIRECS;6581.0;3
174500;;;PEBBLES_L;XIRECS;10988.0;4
174500;;;PEBBLES_M;XIRECS;11226.0;4
174500;;;PEBBLES_S;XIRECS;8224.0;4
174500;;;PEBBLES_XL;XIRECS;12877.0;4
174500;;;PEBBLES_XS;XIRECS;6717.0;4
186200;;;PEBBLES_L;XIRECS;11209.0;4
186200;;;PEBBLES_M;XIRECS;11151.0;4
186200;;;PEBBLES_S;XIRECS;8195.0;4
186200;;;PEBBLES_XL;XIRECS;12805.0;4
186200;;;PEBBLES_XS;XIRECS;6608.0;4
193800;;;PEBBLES_L;XIRECS;11123.0;5
193800;;;PEBBLES_M;XIRECS;11010.0;5
193800;;;PEBBLES_S;XIRECS;8165.0;5
193800;;;PEBBLES_XL;XIRECS;13059.0;5
193800;;;PEBBLES_XS;XIRECS;6677.0;5
194400;;;PEBBLES_L;XIRECS;11121.0;4
194400;;;PEBBLES_M;XIRECS;11041.0;4
194400;;;PEBBLES_S;XIRECS;8129.0;4
194400;;;PEBBLES_XL;XIRECS;12989.0;4
194400;;;PEBBLES_XS;XIRECS;6753.0;4
203000;;;PEBBLES_L;XIRECS;11414.0;2
203000;;;PEBBLES_M;XIRECS;11038.0;2
203000;;;PEBBLES_S;XIRECS;8135.0;2
203000;;;PEBBLES_XL;XIRECS;12741.0;2
203000;;;PEBBLES_XS;XIRECS;6639.0;2
208100;;;PEBBLES_L;XIRECS;11614.0;2
208100;;;PEBBLES_M;XIRECS;11021.0;2
208100;;;PEBBLES_S;XIRECS;8242.0;2
208100;;;PEBBLES_XL;XIRECS;12390.0;2
208100;;;PEBBLES_XS;XIRECS;6701.0;2
220600;;;PEBBLES_L;XIRECS;11556.0;3
220600;;;PEBBLES_M;XIRECS;10634.0;3
220600;;;PEBBLES_S;XIRECS;8155.0;3
220600;;;PEBBLES_XL;XIRECS;13090.0;3
220600;;;PEBBLES_XS;XIRECS;6533.0;3
227000;;;PEBBLES_L;XIRECS;11517.0;3
227000;;;PEBBLES_M;XIRECS;10462.0;3
227000;;;PEBBLES_S;XIRECS;8168.0;3
227000;;;PEBBLES_XL;XIRECS;13273.0;3
227000;;;PEBBLES_XS;XIRECS;6613.0;3
231800;;;PEBBLES_L;XIRECS;11524.0;3
231800;;;PEBBLES_M;XIRECS;10582.0;3
231800;;;PEBBLES_S;XIRECS;8192.0;3
231800;;;PEBBLES_XL;XIRECS;13107.0;3
231800;;;PEBBLES_XS;XIRECS;6563.0;3
236800;;;PEBBLES_L;XIRECS;11416.0;3
236800;;;PEBBLES_M;XIRECS;10529.0;3
236800;;;PEBBLES_S;XIRECS;8185.0;3
236800;;;PEBBLES_XL;XIRECS;13286.0;3
236800;;;PEBBLES_XS;XIRECS;6551.0;3
249600;;;PEBBLES_L;XIRECS;11328.0;3
249600;;;PEBBLES_M;XIRECS;10299.0;3
249600;;;PEBBLES_S;XIRECS;8490.0;3
249600;;;PEBBLES_XL;XIRECS;13488.0;3
249600;;;PEBBLES_XS;XIRECS;6363.0;3
249700;;;PEBBLES_L;XIRECS;11333.0;4
249700;;;PEBBLES_M;XIRECS;10316.0;4
249700;;;PEBBLES_S;XIRECS;8491.0;4
249700;;;PEBBLES_XL;XIRECS;13500.0;4
249700;;;PEBBLES_XS;XIRECS;6392.0;4
250400;;;PEBBLES_L;XIRECS;11343.0;2
250400;;;PEBBLES_M;XIRECS;10343.0;2
250400;;;PEBBLES_S;XIRECS;8460.0;2
250400;;;PEBBLES_XL;XIRECS;13495.0;2
250400;;;PEBBLES_XS;XIRECS;6392.0;2
258400;;;PEBBLES_L;XIRECS;11299.0;3
258400;;;PEBBLES_M;XIRECS;10423.0;3
258400;;;PEBBLES_S;XIRECS;8613.0;3
258400;;;PEBBLES_XL;XIRECS;13221.0;3
258400;;;PEBBLES_XS;XIRECS;6411.0;3
266600;;;PEBBLES_L;XIRECS;11102.0;5
266600;;;PEBBLES_M;XIRECS;10423.0;5
266600;;;PEBBLES_S;XIRECS;8682.0;5
266600;;;PEBBLES_XL;XIRECS;13510.0;5
266600;;;PEBBLES_XS;XIRECS;6316.0;5
267300;;;PEBBLES_L;XIRECS;11048.0;4
267300;;;PEBBLES_M;XIRECS;10423.0;4
267300;;;PEBBLES_S;XIRECS;8664.0;4
267300;;;PEBBLES_XL;XIRECS;13572.0;4
267300;;;PEBBLES_XS;XIRECS;6261.0;4
267600;;;PEBBLES_L;XIRECS;11057.0;5
267600;;;PEBBLES_M;XIRECS;10436.0;5
267600;;;PEBBLES_S;XIRECS;8661.0;5
267600;;;PEBBLES_XL;XIRECS;13591.0;5
267600;;;PEBBLES_XS;XIRECS;6223.0;5
270700;;;PEBBLES_L;XIRECS;10903.0;5
270700;;;PEBBLES_M;XIRECS;10241.0;5
270700;;;PEBBLES_S;XIRECS;8685.0;5
270700;;;PEBBLES_XL;XIRECS;13829.0;5
270700;;;PEBBLES_XS;XIRECS;6308.0;5
275300;;;PEBBLES_L;XIRECS;10951.0;4
275300;;;PEBBLES_M;XIRECS;10143.0;4
275300;;;PEBBLES_S;XIRECS;8570.0;4
275300;;;PEBBLES_XL;XIRECS;14099.0;4
275300;;;PEBBLES_XS;XIRECS;6270.0;4
275800;;;PEBBLES_L;XIRECS;10955.0;4
275800;;;PEBBLES_M;XIRECS;10207.0;4
275800;;;PEBBLES_S;XIRECS;8584.0;4
275800;;;PEBBLES_XL;XIRECS;14016.0;4
275800;;;PEBBLES_XS;XIRECS;6271.0;4
278600;;;PEBBLES_L;XIRECS;10913.0;4
278600;;;PEBBLES_M;XIRECS;10200.0;4
278600;;;PEBBLES_S;XIRECS;8640.0;4
278600;;;PEBBLES_XL;XIRECS;14070.0;4
278600;;;PEBBLES_XS;XIRECS;6209.0;4
280300;;;PEBBLES_L;XIRECS;11048.0;2
280300;;;PEBBLES_M;XIRECS;10220.0;2
280300;;;PEBBLES_S;XIRECS;8620.0;2
280300;;;PEBBLES_XL;XIRECS;13919.0;2
280300;;;PEBBLES_XS;XIRECS;6226.0;2
286700;;;PEBBLES_L;XIRECS;10893.0;4
286700;;;PEBBLES_M;XIRECS;10260.0;4
286700;;;PEBBLES_S;XIRECS;8473.0;4
286700;;;PEBBLES_XL;XIRECS;13869.0;4
286700;;;PEBBLES_XS;XIRECS;6472.0;4
287900;;;PEBBLES_L;XIRECS;10799.0;5
287900;;;PEBBLES_M;XIRECS;10251.0;5
287900;;;PEBBLES_S;XIRECS;8488.0;5
287900;;;PEBBLES_XL;XIRECS;14010.0;5
287900;;;PEBBLES_XS;XIRECS;6485.0;5
302800;;;PEBBLES_L;XIRECS;10862.0;5
302800;;;PEBBLES_M;XIRECS;9967.0;5
302800;;;PEBBLES_S;XIRECS;8630.0;5
302800;;;PEBBLES_XL;XIRECS;14138.0;5
302800;;;PEBBLES_XS;XIRECS;6435.0;5
308300;;;PEBBLES_L;XIRECS;10848.0;2
308300;;;PEBBLES_M;XIRECS;10016.0;2
308300;;;PEBBLES_S;XIRECS;8560.0;2
308300;;;PEBBLES_XL;XIRECS;14238.0;2
308300;;;PEBBLES_XS;XIRECS;6305.0;2
310700;;;PEBBLES_L;XIRECS;10853.0;4
310700;;;PEBBLES_M;XIRECS;10073.0;4
310700;;;PEBBLES_S;XIRECS;8461.0;4
310700;;;PEBBLES_XL;XIRECS;14281.0;4
310700;;;PEBBLES_XS;XIRECS;6364.0;4
314700;;;PEBBLES_L;XIRECS;10818.0;2
314700;;;PEBBLES_M;XIRECS;10131.0;2
314700;;;PEBBLES_S;XIRECS;8405.0;2
314700;;;PEBBLES_XL;XIRECS;14319.0;2
314700;;;PEBBLES_XS;XIRECS;6360.0;2
340000;;;PEBBLES_L;XIRECS;11102.0;2
340000;;;PEBBLES_M;XIRECS;10195.0;2
340000;;;PEBBLES_S;XIRECS;8365.0;2
340000;;;PEBBLES_XL;XIRECS;14259.0;2
340000;;;PEBBLES_XS;XIRECS;6112.0;2
342300;;;PEBBLES_L;XIRECS;11079.0;4
342300;;;PEBBLES_M;XIRECS;10220.0;4
342300;;;PEBBLES_S;XIRECS;8501.0;4
342300;;;PEBBLES_XL;XIRECS;14204.0;4
342300;;;PEBBLES_XS;XIRECS;6028.0;4
345800;;;PEBBLES_L;XIRECS;11001.0;2
345800;;;PEBBLES_M;XIRECS;10306.0;2
345800;;;PEBBLES_S;XIRECS;8637.0;2
345800;;;PEBBLES_XL;XIRECS;14002.0;2
345800;;;PEBBLES_XS;XIRECS;6022.0;2
348000;;;PEBBLES_L;XIRECS;11018.0;5
348000;;;PEBBLES_M;XIRECS;10253.0;5
348000;;;PEBBLES_S;XIRECS;8607.0;5
348000;;;PEBBLES_XL;XIRECS;13975.0;5
348000;;;PEBBLES_XS;XIRECS;6114.0;5
349700;;;PEBBLES_L;XIRECS;11094.0;3
349700;;;PEBBLES_M;XIRECS;10279.0;3
349700;;;PEBBLES_S;XIRECS;8631.0;3
349700;;;PEBBLES_XL;XIRECS;13858.0;3
349700;;;PEBBLES_XS;XIRECS;6105.0;3
350400;;;PEBBLES_L;XIRECS;11111.0;5
350400;;;PEBBLES_M;XIRECS;10325.0;5
350400;;;PEBBLES_S;XIRECS;8652.0;5
350400;;;PEBBLES_XL;XIRECS;13859.0;5
350400;;;PEBBLES_XS;XIRECS;6085.0;5
363700;;;PEBBLES_L;XIRECS;10921.0;3
363700;;;PEBBLES_M;XIRECS;10365.0;3
363700;;;PEBBLES_S;XIRECS;8546.0;3
363700;;;PEBBLES_XL;XIRECS;14276.0;3
363700;;;PEBBLES_XS;XIRECS;5924.0;3
373100;;;PEBBLES_L;XIRECS;10888.0;4
373100;;;PEBBLES_M;XIRECS;10475.0;4
373100;;;PEBBLES_S;XIRECS;8252.0;4
373100;;;PEBBLES_XL;XIRECS;14527.0;4
373100;;;PEBBLES_XS;XIRECS;5890.0;4
382700;;;PEBBLES_L;XIRECS;10878.0;3
382700;;;PEBBLES_M;XIRECS;10611.0;3
382700;;;PEBBLES_S;XIRECS;8006.0;3
382700;;;PEBBLES_XL;XIRECS;14711.0;3
382700;;;PEBBLES_XS;XIRECS;5827.0;3
383800;;;PEBBLES_L;XIRECS;10813.0;2
383800;;;PEBBLES_M;XIRECS;10583.0;2
383800;;;PEBBLES_S;XIRECS;8062.0;2
383800;;;PEBBLES_XL;XIRECS;14714.0;2
383800;;;PEBBLES_XS;XIRECS;5796.0;2
391000;;;PEBBLES_L;XIRECS;11016.0;4
391000;;;PEBBLES_M;XIRECS;10616.0;4
391000;;;PEBBLES_S;XIRECS;7835.0;4
391000;;;PEBBLES_XL;XIRECS;14624.0;4
391000;;;PEBBLES_XS;XIRECS;5877.0;4
391700;;;PEBBLES_L;XIRECS;11057.0;2
391700;;;PEBBLES_M;XIRECS;10601.0;2
391700;;;PEBBLES_S;XIRECS;7779.0;2
391700;;;PEBBLES_XL;XIRECS;14694.0;2
391700;;;PEBBLES_XS;XIRECS;5837.0;2
395200;;;PEBBLES_L;XIRECS;10915.0;4
395200;;;PEBBLES_M;XIRECS;10494.0;4
395200;;;PEBBLES_S;XIRECS;7789.0;4
395200;;;PEBBLES_XL;XIRECS;15054.0;4
395200;;;PEBBLES_XS;XIRECS;5717.0;4
398100;;;PEBBLES_L;XIRECS;11006.0;5
398100;;;PEBBLES_M;XIRECS;10667.0;5
398100;;;PEBBLES_S;XIRECS;7769.0;5
398100;;;PEBBLES_XL;XIRECS;14782.0;5
398100;;;PEBBLES_XS;XIRECS;5809.0;5
415200;;;PEBBLES_L;XIRECS;10918.0;5
415200;;;PEBBLES_M;XIRECS;10655.0;5
415200;;;PEBBLES_S;XIRECS;7900.0;5
415200;;;PEBBLES_XL;XIRECS;14558.0;5
415200;;;PEBBLES_XS;XIRECS;6002.0;5
417500;;;PEBBLES_L;XIRECS;10930.0;3
417500;;;PEBBLES_M;XIRECS;10778.0;3
417500;;;PEBBLES_S;XIRECS;7905.0;3
417500;;;PEBBLES_XL;XIRECS;14316.0;3
417500;;;PEBBLES_XS;XIRECS;6068.0;3
421100;;;PEBBLES_L;XIRECS;11083.0;4
421100;;;PEBBLES_M;XIRECS;10890.0;4
421100;;;PEBBLES_S;XIRECS;7967.0;4
421100;;;PEBBLES_XL;XIRECS;14083.0;4
421100;;;PEBBLES_XS;XIRECS;6011.0;4
426700;;;PEBBLES_L;XIRECS;10928.0;5
426700;;;PEBBLES_M;XIRECS;10800.0;5
426700;;;PEBBLES_S;XIRECS;7882.0;5
426700;;;PEBBLES_XL;XIRECS;14356.0;5
426700;;;PEBBLES_XS;XIRECS;6002.0;5
428000;;;PEBBLES_L;XIRECS;11001.0;5
428000;;;PEBBLES_M;XIRECS;10744.0;5
428000;;;PEBBLES_S;XIRECS;7962.0;5
428000;;;PEBBLES_XL;XIRECS;14465.0;5
428000;;;PEBBLES_XS;XIRECS;5860.0;5
429700;;;PEBBLES_L;XIRECS;11065.0;2
429700;;;PEBBLES_M;XIRECS;10811.0;2
429700;;;PEBBLES_S;XIRECS;8080.0;2
429700;;;PEBBLES_XL;XIRECS;14178.0;2
429700;;;PEBBLES_XS;XIRECS;5898.0;2
430000;;;PEBBLES_L;XIRECS;11028.0;4
430000;;;PEBBLES_M;XIRECS;10796.0;4
430000;;;PEBBLES_S;XIRECS;8079.0;4
430000;;;PEBBLES_XL;XIRECS;14192.0;4
430000;;;PEBBLES_XS;XIRECS;5872.0;4
437500;;;PEBBLES_L;XIRECS;11037.0;4
437500;;;PEBBLES_M;XIRECS;10817.0;4
437500;;;PEBBLES_S;XIRECS;8126.0;4
437500;;;PEBBLES_XL;XIRECS;14151.0;4
437500;;;PEBBLES_XS;XIRECS;5901.0;4
454400;;;PEBBLES_L;XIRECS;11035.0;4
454400;;;PEBBLES_M;XIRECS;10828.0;4
454400;;;PEBBLES_S;XIRECS;7780.0;4
454400;;;PEBBLES_XL;XIRECS;14733.0;4
454400;;;PEBBLES_XS;XIRECS;5657.0;4
461400;;;PEBBLES_L;XIRECS;10973.0;5
461400;;;PEBBLES_M;XIRECS;10997.0;5
461400;;;PEBBLES_S;XIRECS;7868.0;5
461400;;;PEBBLES_XL;XIRECS;14449.0;5
461400;;;PEBBLES_XS;XIRECS;5680.0;5
464900;;;PEBBLES_L;XIRECS;11037.0;3
464900;;;PEBBLES_M;XIRECS;11088.0;3
464900;;;PEBBLES_S;XIRECS;7790.0;3
464900;;;PEBBLES_XL;XIRECS;14373.0;3
464900;;;PEBBLES_XS;XIRECS;5679.0;3
468000;;;PEBBLES_L;XIRECS;11004.0;2
468000;;;PEBBLES_M;XIRECS;11145.0;2
468000;;;PEBBLES_S;XIRECS;7737.0;2
468000;;;PEBBLES_XL;XIRECS;14347.0;2
468000;;;PEBBLES_XS;XIRECS;5735.0;2
469200;;;PEBBLES_L;XIRECS;11019.0;2
469200;;;PEBBLES_M;XIRECS;11087.0;2
469200;;;PEBBLES_S;XIRECS;7681.0;2
469200;;;PEBBLES_XL;XIRECS;14444.0;2
469200;;;PEBBLES_XS;XIRECS;5801.0;2
475700;;;PEBBLES_L;XIRECS;11044.0;4
475700;;;PEBBLES_M;XIRECS;11149.0;4
475700;;;PEBBLES_S;XIRECS;7856.0;4
475700;;;PEBBLES_XL;XIRECS;14115.0;4
475700;;;PEBBLES_XS;XIRECS;5868.0;4
478000;;;PEBBLES_L;XIRECS;11004.0;5
478000;;;PEBBLES_M;XIRECS;11043.0;5
478000;;;PEBBLES_S;XIRECS;7870.0;5
478000;;;PEBBLES_XL;XIRECS;14196.0;5
478000;;;PEBBLES_XS;XIRECS;5854.0;5
482900;;;PEBBLES_L;XIRECS;11091.0;2
482900;;;PEBBLES_M;XIRECS;11014.0;2
482900;;;PEBBLES_S;XIRECS;8008.0;2
482900;;;PEBBLES_XL;XIRECS;14098.0;2
482900;;;PEBBLES_XS;XIRECS;5822.0;2
483000;;;PEBBLES_L;XIRECS;11064.0;3
483000;;;PEBBLES_M;XIRECS;11029.0;3
483000;;;PEBBLES_S;XIRECS;7988.0;3
483000;;;PEBBLES_XL;XIRECS;14072.0;3
483000;;;PEBBLES_XS;XIRECS;5815.0;3
489300;;;PEBBLES_L;XIRECS;11003.0;4
489300;;;PEBBLES_M;XIRECS;11084.0;4
489300;;;PEBBLES_S;XIRECS;7964.0;4
489300;;;PEBBLES_XL;XIRECS;14167.0;4
489300;;;PEBBLES_XS;XIRECS;5750.0;4
494700;;;PEBBLES_L;XIRECS;10960.0;2
494700;;;PEBBLES_M;XIRECS;11011.0;2
494700;;;PEBBLES_S;XIRECS;7987.0;2
494700;;;PEBBLES_XL;XIRECS;14282.0;2
494700;;;PEBBLES_XS;XIRECS;5793.0;2
502800;;;PEBBLES_L;XIRECS;11047.0;4
502800;;;PEBBLES_M;XIRECS;11044.0;4
502800;;;PEBBLES_S;XIRECS;7880.0;4
502800;;;PEBBLES_XL;XIRECS;14159.0;4
502800;;;PEBBLES_XS;XIRECS;5902.0;4
507700;;;PEBBLES_L;XIRECS;11020.0;3
507700;;;PEBBLES_M;XIRECS;10912.0;3
507700;;;PEBBLES_S;XIRECS;7876.0;3
507700;;;PEBBLES_XL;XIRECS;14344.0;3
507700;;;PEBBLES_XS;XIRECS;5816.0;3
511000;;;PEBBLES_L;XIRECS;10862.0;2
511000;;;PEBBLES_M;XIRECS;10837.0;2
511000;;;PEBBLES_S;XIRECS;8022.0;2
511000;;;PEBBLES_XL;XIRECS;14408.0;2
511000;;;PEBBLES_XS;XIRECS;5839.0;2
513100;;;PEBBLES_L;XIRECS;10921.0;3
513100;;;PEBBLES_M;XIRECS;10764.0;3
513100;;;PEBBLES_S;XIRECS;7971.0;3
513100;;;PEBBLES_XL;XIRECS;14526.0;3
513100;;;PEBBLES_XS;XIRECS;5786.0;3
520400;;;PEBBLES_L;XIRECS;10789.0;2
520400;;;PEBBLES_M;XIRECS;10804.0;2
520400;;;PEBBLES_S;XIRECS;8128.0;2
520400;;;PEBBLES_XL;XIRECS;14294.0;2
520400;;;PEBBLES_XS;XIRECS;5952.0;2
525200;;;PEBBLES_L;XIRECS;10966.0;5
525200;;;PEBBLES_M;XIRECS;10875.0;5
525200;;;PEBBLES_S;XIRECS;8000.0;5
525200;;;PEBBLES_XL;XIRECS;14159.0;5
525200;;;PEBBLES_XS;XIRECS;5967.0;5
531500;;;PEBBLES_L;XIRECS;11031.0;5
531500;;;PEBBLES_M;XIRECS;10794.0;5
531500;;;PEBBLES_S;XIRECS;8185.0;5
531500;;;PEBBLES_XL;XIRECS;14164.0;5
531500;;;PEBBLES_XS;XIRECS;5859.0;5
544900;;;PEBBLES_L;XIRECS;10932.0;5
544900;;;PEBBLES_M;XIRECS;10937.0;5
544900;;;PEBBLES_S;XIRECS;8155.0;5
544900;;;PEBBLES_XL;XIRECS;14020.0;5
544900;;;PEBBLES_XS;XIRECS;5923.0;5
551400;;;PEBBLES_L;XIRECS;10963.0;4
551400;;;PEBBLES_M;XIRECS;11003.0;4
551400;;;PEBBLES_S;XIRECS;7974.0;4
551400;;;PEBBLES_XL;XIRECS;14205.0;4
551400;;;PEBBLES_XS;XIRECS;5888.0;4
555400;;;PEBBLES_L;XIRECS;11054.0;3
555400;;;PEBBLES_M;XIRECS;11007.0;3
555400;;;PEBBLES_S;XIRECS;7833.0;3
555400;;;PEBBLES_XL;XIRECS;14251.0;3
555400;;;PEBBLES_XS;XIRECS;5888.0;3
559700;;;PEBBLES_L;XIRECS;11132.0;2
559700;;;PEBBLES_M;XIRECS;11124.0;2
559700;;;PEBBLES_S;XIRECS;7694.0;2
559700;;;PEBBLES_XL;XIRECS;14197.0;2
559700;;;PEBBLES_XS;XIRECS;5820.0;2
579100;;;PEBBLES_L;XIRECS;10449.0;5
579100;;;PEBBLES_M;XIRECS;10891.0;5
579100;;;PEBBLES_S;XIRECS;7922.0;5
579100;;;PEBBLES_XL;XIRECS;15148.0;5
579100;;;PEBBLES_XS;XIRECS;5558.0;5
585800;;;PEBBLES_L;XIRECS;10504.0;3
585800;;;PEBBLES_M;XIRECS;10889.0;3
585800;;;PEBBLES_S;XIRECS;7957.0;3
585800;;;PEBBLES_XL;XIRECS;15133.0;3
585800;;;PEBBLES_XS;XIRECS;5549.0;3
590700;;;PEBBLES_L;XIRECS;10392.0;5
590700;;;PEBBLES_M;XIRECS;10917.0;5
590700;;;PEBBLES_S;XIRECS;7976.0;5
590700;;;PEBBLES_XL;XIRECS;15106.0;5
590700;;;PEBBLES_XS;XIRECS;5642.0;5
594000;;;PEBBLES_L;XIRECS;10395.0;4
594000;;;PEBBLES_M;XIRECS;10820.0;4
594000;;;PEBBLES_S;XIRECS;7928.0;4
594000;;;PEBBLES_XL;XIRECS;15248.0;4
594000;;;PEBBLES_XS;XIRECS;5642.0;4
595000;;;PEBBLES_L;XIRECS;10409.0;3
595000;;;PEBBLES_M;XIRECS;10757.0;3
595000;;;PEBBLES_S;XIRECS;7903.0;3
595000;;;PEBBLES_XL;XIRECS;15240.0;3
595000;;;PEBBLES_XS;XIRECS;5659.0;3
595800;;;PEBBLES_L;XIRECS;10445.0;2
595800;;;PEBBLES_M;XIRECS;10723.0;2
595800;;;PEBBLES_S;XIRECS;7962.0;2
595800;;;PEBBLES_XL;XIRECS;15211.0;2
595800;;;PEBBLES_XS;XIRECS;5690.0;2
599500;;;PEBBLES_L;XIRECS;10436.0;5
599500;;;PEBBLES_M;XIRECS;10631.0;5
599500;;;PEBBLES_S;XIRECS;7884.0;5
599500;;;PEBBLES_XL;XIRECS;15473.0;5
599500;;;PEBBLES_XS;XIRECS;5609.0;5
602100;;;PEBBLES_L;XIRECS;10555.0;2
602100;;;PEBBLES_M;XIRECS;10721.0;2
602100;;;PEBBLES_S;XIRECS;7877.0;2
602100;;;PEBBLES_XL;XIRECS;15132.0;2
602100;;;PEBBLES_XS;XIRECS;5682.0;2
604000;;;PEBBLES_L;XIRECS;10368.0;4
604000;;;PEBBLES_M;XIRECS;10660.0;4
604000;;;PEBBLES_S;XIRECS;7895.0;4
604000;;;PEBBLES_XL;XIRECS;15359.0;4
604000;;;PEBBLES_XS;XIRECS;5686.0;4
604800;;;PEBBLES_L;XIRECS;10385.0;2
604800;;;PEBBLES_M;XIRECS;10667.0;2
604800;;;PEBBLES_S;XIRECS;7967.0;2
604800;;;PEBBLES_XL;XIRECS;15348.0;2
604800;;;PEBBLES_XS;XIRECS;5665.0;2
623600;;;PEBBLES_L;XIRECS;10361.0;3
623600;;;PEBBLES_M;XIRECS;10828.0;3
623600;;;PEBBLES_S;XIRECS;7885.0;3
623600;;;PEBBLES_XL;XIRECS;15125.0;3
623600;;;PEBBLES_XS;XIRECS;5768.0;3
627900;;;PEBBLES_L;XIRECS;10315.0;4
627900;;;PEBBLES_M;XIRECS;10694.0;4
627900;;;PEBBLES_S;XIRECS;7889.0;4
627900;;;PEBBLES_XL;XIRECS;15311.0;4
627900;;;PEBBLES_XS;XIRECS;5759.0;4
631600;;;PEBBLES_L;XIRECS;10134.0;4
631600;;;PEBBLES_M;XIRECS;10716.0;4
631600;;;PEBBLES_S;XIRECS;7887.0;4
631600;;;PEBBLES_XL;XIRECS;15518.0;4
631600;;;PEBBLES_XS;XIRECS;5713.0;4
633400;;;PEBBLES_L;XIRECS;10066.0;3
633400;;;PEBBLES_M;XIRECS;10719.0;3
633400;;;PEBBLES_S;XIRECS;7895.0;3
633400;;;PEBBLES_XL;XIRECS;15594.0;3
633400;;;PEBBLES_XS;XIRECS;5693.0;3
637800;;;PEBBLES_L;XIRECS;10258.0;4
637800;;;PEBBLES_M;XIRECS;10785.0;4
637800;;;PEBBLES_S;XIRECS;7880.0;4
637800;;;PEBBLES_XL;XIRECS;15419.0;4
637800;;;PEBBLES_XS;XIRECS;5691.0;4
641300;;;PEBBLES_L;XIRECS;10364.0;5
641300;;;PEBBLES_M;XIRECS;10827.0;5
641300;;;PEBBLES_S;XIRECS;7923.0;5
641300;;;PEBBLES_XL;XIRECS;15177.0;5
641300;;;PEBBLES_XS;XIRECS;5741.0;5
646500;;;PEBBLES_L;XIRECS;10336.0;2
646500;;;PEBBLES_M;XIRECS;10940.0;2
646500;;;PEBBLES_S;XIRECS;8124.0;2
646500;;;PEBBLES_XL;XIRECS;14989.0;2
646500;;;PEBBLES_XS;XIRECS;5644.0;2
647700;;;PEBBLES_L;XIRECS;10325.0;2
647700;;;PEBBLES_M;XIRECS;10937.0;2
647700;;;PEBBLES_S;XIRECS;8045.0;2
647700;;;PEBBLES_XL;XIRECS;15198.0;2
647700;;;PEBBLES_XS;XIRECS;5527.0;2
647900;;;PEBBLES_L;XIRECS;10310.0;4
647900;;;PEBBLES_M;XIRECS;10931.0;4
647900;;;PEBBLES_S;XIRECS;8046.0;4
647900;;;PEBBLES_XL;XIRECS;15221.0;4
647900;;;PEBBLES_XS;XIRECS;5525.0;4
653200;;;PEBBLES_L;XIRECS;10376.0;5
653200;;;PEBBLES_M;XIRECS;10754.0;5
653200;;;PEBBLES_S;XIRECS;7966.0;5
653200;;;PEBBLES_XL;XIRECS;15428.0;5
653200;;;PEBBLES_XS;XIRECS;5444.0;5
658200;;;PEBBLES_L;XIRECS;10279.0;4
658200;;;PEBBLES_M;XIRECS;10687.0;4
658200;;;PEBBLES_S;XIRECS;7932.0;4
658200;;;PEBBLES_XL;XIRECS;15740.0;4
658200;;;PEBBLES_XS;XIRECS;5330.0;4
659700;;;PEBBLES_L;XIRECS;10338.0;5
659700;;;PEBBLES_M;XIRECS;10639.0;5
659700;;;PEBBLES_S;XIRECS;7857.0;5
659700;;;PEBBLES_XL;XIRECS;15873.0;5
659700;;;PEBBLES_XS;XIRECS;5325.0;5
675500;;;PEBBLES_L;XIRECS;10113.0;5
675500;;;PEBBLES_M;XIRECS;10597.0;5
675500;;;PEBBLES_S;XIRECS;7480.0;5
675500;;;PEBBLES_XL;XIRECS;16234.0;5
675500;;;PEBBLES_XS;XIRECS;5543.0;5
681100;;;PEBBLES_L;XIRECS;10068.0;5
681100;;;PEBBLES_M;XIRECS;10710.0;5
681100;;;PEBBLES_S;XIRECS;7382.0;5
681100;;;PEBBLES_XL;XIRECS;16386.0;5
681100;;;PEBBLES_XS;XIRECS;5422.0;5
683500;;;PEBBLES_L;XIRECS;10103.0;5
683500;;;PEBBLES_M;XIRECS;10847.0;5
683500;;;PEBBLES_S;XIRECS;7447.0;5
683500;;;PEBBLES_XL;XIRECS;16295.0;5
683500;;;PEBBLES_XS;XIRECS;5341.0;5
688000;;;PEBBLES_L;XIRECS;9897.0;2
688000;;;PEBBLES_M;XIRECS;10850.0;2
688000;;;PEBBLES_S;XIRECS;7631.0;2
688000;;;PEBBLES_XL;XIRECS;16248.0;2
688000;;;PEBBLES_XS;XIRECS;5406.0;2
689300;;;PEBBLES_L;XIRECS;9867.0;2
689300;;;PEBBLES_M;XIRECS;10785.0;2
689300;;;PEBBLES_S;XIRECS;7609.0;2
689300;;;PEBBLES_XL;XIRECS;16347.0;2
689300;;;PEBBLES_XS;XIRECS;5358.0;2
690600;;;PEBBLES_L;XIRECS;9853.0;3
690600;;;PEBBLES_M;XIRECS;10848.0;3
690600;;;PEBBLES_S;XIRECS;7695.0;3
690600;;;PEBBLES_XL;XIRECS;16305.0;3
690600;;;PEBBLES_XS;XIRECS;5331.0;3
692300;;;PEBBLES_L;XIRECS;9933.0;4
692300;;;PEBBLES_M;XIRECS;10862.0;4
692300;;;PEBBLES_S;XIRECS;7678.0;4
692300;;;PEBBLES_XL;XIRECS;16282.0;4
692300;;;PEBBLES_XS;XIRECS;5277.0;4
694600;;;PEBBLES_L;XIRECS;9828.0;5
694600;;;PEBBLES_M;XIRECS;10898.0;5
694600;;;PEBBLES_S;XIRECS;7633.0;5
694600;;;PEBBLES_XL;XIRECS;16515.0;5
694600;;;PEBBLES_XS;XIRECS;5159.0;5
699700;;;PEBBLES_L;XIRECS;9803.0;2
699700;;;PEBBLES_M;XIRECS;10964.0;2
699700;;;PEBBLES_S;XIRECS;7423.0;2
699700;;;PEBBLES_XL;XIRECS;16627.0;2
699700;;;PEBBLES_XS;XIRECS;5150.0;2
704500;;;PEBBLES_L;XIRECS;9868.0;2
704500;;;PEBBLES_M;XIRECS;11127.0;2
704500;;;PEBBLES_S;XIRECS;7365.0;2
704500;;;PEBBLES_XL;XIRECS;16251.0;2
704500;;;PEBBLES_XS;XIRECS;5357.0;2
704600;;;PEBBLES_L;XIRECS;9863.0;5
704600;;;PEBBLES_M;XIRECS;11121.0;5
704600;;;PEBBLES_S;XIRECS;7339.0;5
704600;;;PEBBLES_XL;XIRECS;16257.0;5
704600;;;PEBBLES_XS;XIRECS;5388.0;5
705700;;;PEBBLES_L;XIRECS;9893.0;3
705700;;;PEBBLES_M;XIRECS;11158.0;3
705700;;;PEBBLES_S;XIRECS;7364.0;3
705700;;;PEBBLES_XL;XIRECS;16204.0;3
705700;;;PEBBLES_XS;XIRECS;5348.0;3
710000;;;PEBBLES_L;XIRECS;9833.0;4
710000;;;PEBBLES_M;XIRECS;11020.0;4
710000;;;PEBBLES_S;XIRECS;7451.0;4
710000;;;PEBBLES_XL;XIRECS;16519.0;4
710000;;;PEBBLES_XS;XIRECS;5209.0;4
710100;;;PEBBLES_L;XIRECS;9801.0;2
710100;;;PEBBLES_M;XIRECS;11013.0;2
710100;;;PEBBLES_S;XIRECS;7427.0;2
710100;;;PEBBLES_XL;XIRECS;16616.0;2
710100;;;PEBBLES_XS;XIRECS;5175.0;2
711400;;;PEBBLES_L;XIRECS;9818.0;2
711400;;;PEBBLES_M;XIRECS;11057.0;2
711400;;;PEBBLES_S;XIRECS;7269.0;2
711400;;;PEBBLES_XL;XIRECS;16729.0;2
711400;;;PEBBLES_XS;XIRECS;5160.0;2
712800;;;PEBBLES_L;XIRECS;9862.0;2
712800;;;PEBBLES_M;XIRECS;11013.0;2
712800;;;PEBBLES_S;XIRECS;7239.0;2
712800;;;PEBBLES_XL;XIRECS;16584.0;2
712800;;;PEBBLES_XS;XIRECS;5269.0;2
719800;;;PEBBLES_L;XIRECS;9976.0;3
719800;;;PEBBLES_M;XIRECS;11091.0;3
719800;;;PEBBLES_S;XIRECS;6983.0;3
719800;;;PEBBLES_XL;XIRECS;16642.0;3
719800;;;PEBBLES_XS;XIRECS;5340.0;3
720800;;;PEBBLES_L;XIRECS;9961.0;5
720800;;;PEBBLES_M;XIRECS;11107.0;5
720800;;;PEBBLES_S;XIRECS;7028.0;5
720800;;;PEBBLES_XL;XIRECS;16556.0;5
720800;;;PEBBLES_XS;XIRECS;5315.0;5
726500;;;PEBBLES_L;XIRECS;9959.0;4
726500;;;PEBBLES_M;XIRECS;11139.0;4
726500;;;PEBBLES_S;XIRECS;6897.0;4
726500;;;PEBBLES_XL;XIRECS;16661.0;4
726500;;;PEBBLES_XS;XIRECS;5311.0;4
743400;;;PEBBLES_L;XIRECS;9857.0;2
743400;;;PEBBLES_M;XIRECS;11020.0;2
743400;;;PEBBLES_S;XIRECS;6946.0;2
743400;;;PEBBLES_XL;XIRECS;16642.0;2
743400;;;PEBBLES_XS;XIRECS;5567.0;2
754500;;;PEBBLES_L;XIRECS;9650.0;4
754500;;;PEBBLES_M;XIRECS;11004.0;4
754500;;;PEBBLES_S;XIRECS;6829.0;4
754500;;;PEBBLES_XL;XIRECS;16999.0;4
754500;;;PEBBLES_XS;XIRECS;5551.0;4
756100;;;PEBBLES_L;XIRECS;9654.0;3
756100;;;PEBBLES_M;XIRECS;11085.0;3
756100;;;PEBBLES_S;XIRECS;6892.0;3
756100;;;PEBBLES_XL;XIRECS;16816.0;3
756100;;;PEBBLES_XS;XIRECS;5521.0;3
758500;;;PEBBLES_L;XIRECS;9534.0;3
758500;;;PEBBLES_M;XIRECS;11080.0;3
758500;;;PEBBLES_S;XIRECS;6936.0;3
758500;;;PEBBLES_XL;XIRECS;16871.0;3
758500;;;PEBBLES_XS;XIRECS;5547.0;3
761300;;;PEBBLES_L;XIRECS;9517.0;4
761300;;;PEBBLES_M;XIRECS;11036.0;4
761300;;;PEBBLES_S;XIRECS;7005.0;4
761300;;;PEBBLES_XL;XIRECS;17031.0;4
761300;;;PEBBLES_XS;XIRECS;5379.0;4
762500;;;PEBBLES_L;XIRECS;9517.0;5
762500;;;PEBBLES_M;XIRECS;11020.0;5
762500;;;PEBBLES_S;XIRECS;7019.0;5
762500;;;PEBBLES_XL;XIRECS;16971.0;5
762500;;;PEBBLES_XS;XIRECS;5441.0;5
765200;;;PEBBLES_L;XIRECS;9515.0;4
765200;;;PEBBLES_M;XIRECS;10954.0;4
765200;;;PEBBLES_S;XIRECS;6998.0;4
765200;;;PEBBLES_XL;XIRECS;17169.0;4
765200;;;PEBBLES_XS;XIRECS;5397.0;4
767500;;;PEBBLES_L;XIRECS;9520.0;2
767500;;;PEBBLES_M;XIRECS;11086.0;2
767500;;;PEBBLES_S;XIRECS;7074.0;2
767500;;;PEBBLES_XL;XIRECS;16988.0;2
767500;;;PEBBLES_XS;XIRECS;5366.0;2
770800;;;PEBBLES_L;XIRECS;9510.0;3
770800;;;PEBBLES_M;XIRECS;11092.0;3
770800;;;PEBBLES_S;XIRECS;7003.0;3
770800;;;PEBBLES_XL;XIRECS;16975.0;3
770800;;;PEBBLES_XS;XIRECS;5388.0;3
773500;;;PEBBLES_L;XIRECS;9479.0;2
773500;;;PEBBLES_M;XIRECS;11169.0;2
773500;;;PEBBLES_S;XIRECS;7104.0;2
773500;;;PEBBLES_XL;XIRECS;16851.0;2
773500;;;PEBBLES_XS;XIRECS;5430.0;2
774700;;;PEBBLES_L;XIRECS;9404.0;2
774700;;;PEBBLES_M;XIRECS;11232.0;2
774700;;;PEBBLES_S;XIRECS;7064.0;2
774700;;;PEBBLES_XL;XIRECS;16821.0;2
774700;;;PEBBLES_XS;XIRECS;5446.0;2
783100;;;PEBBLES_L;XIRECS;9266.0;2
783100;;;PEBBLES_M;XIRECS;11174.0;2
783100;;;PEBBLES_S;XIRECS;7396.0;2
783100;;;PEBBLES_XL;XIRECS;16783.0;2
783100;;;PEBBLES_XS;XIRECS;5412.0;2
786700;;;PEBBLES_L;XIRECS;9334.0;2
786700;;;PEBBLES_M;XIRECS;11134.0;2
786700;;;PEBBLES_S;XIRECS;7307.0;2
786700;;;PEBBLES_XL;XIRECS;16794.0;2
786700;;;PEBBLES_XS;XIRECS;5463.0;2
787200;;;PEBBLES_L;XIRECS;9345.0;5
787200;;;PEBBLES_M;XIRECS;11108.0;5
787200;;;PEBBLES_S;XIRECS;7325.0;5
787200;;;PEBBLES_XL;XIRECS;16777.0;5
787200;;;PEBBLES_XS;XIRECS;5477.0;5
789200;;;PEBBLES_L;XIRECS;9303.0;2
789200;;;PEBBLES_M;XIRECS;11082.0;2
789200;;;PEBBLES_S;XIRECS;7236.0;2
789200;;;PEBBLES_XL;XIRECS;17020.0;2
789200;;;PEBBLES_XS;XIRECS;5391.0;2
798800;;;PEBBLES_L;XIRECS;9555.0;5
798800;;;PEBBLES_M;XIRECS;10838.0;5
798800;;;PEBBLES_S;XIRECS;7324.0;5
798800;;;PEBBLES_XL;XIRECS;16787.0;5
798800;;;PEBBLES_XS;XIRECS;5529.0;5
802800;;;PEBBLES_L;XIRECS;9605.0;3
802800;;;PEBBLES_M;XIRECS;10799.0;3
802800;;;PEBBLES_S;XIRECS;7385.0;3
802800;;;PEBBLES_XL;XIRECS;16617.0;3
802800;;;PEBBLES_XS;XIRECS;5562.0;3
816500;;;PEBBLES_L;XIRECS;9485.0;5
816500;;;PEBBLES_M;XIRECS;10684.0;5
816500;;;PEBBLES_S;XIRECS;7481.0;5
816500;;;PEBBLES_XL;XIRECS;16742.0;5
816500;;;PEBBLES_XS;XIRECS;5641.0;5
816700;;;PEBBLES_L;XIRECS;9529.0;4
816700;;;PEBBLES_M;XIRECS;10684.0;4
816700;;;PEBBLES_S;XIRECS;7475.0;4
816700;;;PEBBLES_XL;XIRECS;16613.0;4
816700;;;PEBBLES_XS;XIRECS;5666.0;4
817900;;;PEBBLES_L;XIRECS;9643.0;5
817900;;;PEBBLES_M;XIRECS;10772.0;5
817900;;;PEBBLES_S;XIRECS;7496.0;5
817900;;;PEBBLES_XL;XIRECS;16403.0;5
817900;;;PEBBLES_XS;XIRECS;5718.0;5
820500;;;PEBBLES_L;XIRECS;9535.0;3
820500;;;PEBBLES_M;XIRECS;10900.0;3
820500;;;PEBBLES_S;XIRECS;7603.0;3
820500;;;PEBBLES_XL;XIRECS;16300.0;3
820500;;;PEBBLES_XS;XIRECS;5694.0;3
823100;;;PEBBLES_L;XIRECS;9493.0;3
823100;;;PEBBLES_M;XIRECS;11047.0;3
823100;;;PEBBLES_S;XIRECS;7638.0;3
823100;;;PEBBLES_XL;XIRECS;16102.0;3
823100;;;PEBBLES_XS;XIRECS;5717.0;3
830000;;;PEBBLES_L;XIRECS;9509.0;3
830000;;;PEBBLES_M;XIRECS;11044.0;3
830000;;;PEBBLES_S;XIRECS;7701.0;3
830000;;;PEBBLES_XL;XIRECS;16092.0;3
830000;;;PEBBLES_XS;XIRECS;5622.0;3
840800;;;PEBBLES_L;XIRECS;9564.0;2
840800;;;PEBBLES_M;XIRECS;11013.0;2
840800;;;PEBBLES_S;XIRECS;7438.0;2
840800;;;PEBBLES_XL;XIRECS;16346.0;2
840800;;;PEBBLES_XS;XIRECS;5672.0;2
842200;;;PEBBLES_L;XIRECS;9529.0;5
842200;;;PEBBLES_M;XIRECS;11107.0;5
842200;;;PEBBLES_S;XIRECS;7343.0;5
842200;;;PEBBLES_XL;XIRECS;16326.0;5
842200;;;PEBBLES_XS;XIRECS;5662.0;5
847200;;;PEBBLES_L;XIRECS;9415.0;3
847200;;;PEBBLES_M;XIRECS;11109.0;3
847200;;;PEBBLES_S;XIRECS;7263.0;3
847200;;;PEBBLES_XL;XIRECS;16582.0;3
847200;;;PEBBLES_XS;XIRECS;5665.0;3
864300;;;PEBBLES_L;XIRECS;9238.0;4
864300;;;PEBBLES_M;XIRECS;11415.0;4
864300;;;PEBBLES_S;XIRECS;7441.0;4
864300;;;PEBBLES_XL;XIRECS;16234.0;4
864300;;;PEBBLES_XS;XIRECS;5639.0;4
872600;;;PEBBLES_L;XIRECS;9275.0;2
872600;;;PEBBLES_M;XIRECS;11358.0;2
872600;;;PEBBLES_S;XIRECS;7203.0;2
872600;;;PEBBLES_XL;XIRECS;16481.0;2
872600;;;PEBBLES_XS;XIRECS;5650.0;2
877300;;;PEBBLES_L;XIRECS;9141.0;3
877300;;;PEBBLES_M;XIRECS;11276.0;3
877300;;;PEBBLES_S;XIRECS;7175.0;3
877300;;;PEBBLES_XL;XIRECS;16560.0;3
877300;;;PEBBLES_XS;XIRECS;5881.0;3
883500;;;PEBBLES_L;XIRECS;9246.0;3
883500;;;PEBBLES_M;XIRECS;11360.0;3
883500;;;PEBBLES_S;XIRECS;6995.0;3
883500;;;PEBBLES_XL;XIRECS;16490.0;3
883500;;;PEBBLES_XS;XIRECS;5876.0;3
915100;;;PEBBLES_L;XIRECS;9079.0;2
915100;;;PEBBLES_M;XIRECS;11079.0;2
915100;;;PEBBLES_S;XIRECS;7490.0;2
915100;;;PEBBLES_XL;XIRECS;16101.0;2
915100;;;PEBBLES_XS;XIRECS;6220.0;2
918500;;;PEBBLES_L;XIRECS;9064.0;4
918500;;;PEBBLES_M;XIRECS;11107.0;4
918500;;;PEBBLES_S;XIRECS;7514.0;4
918500;;;PEBBLES_XL;XIRECS;15980.0;4
918500;;;PEBBLES_XS;XIRECS;6303.0;4
922900;;;PEBBLES_L;XIRECS;9206.0;3
922900;;;PEBBLES_M;XIRECS;11196.0;3
922900;;;PEBBLES_S;XIRECS;7386.0;3
922900;;;PEBBLES_XL;XIRECS;15893.0;3
922900;;;PEBBLES_XS;XIRECS;6351.0;3
928500;;;PEBBLES_L;XIRECS;9168.0;2
928500;;;PEBBLES_M;XIRECS;11158.0;2
928500;;;PEBBLES_S;XIRECS;7549.0;2
928500;;;PEBBLES_XL;XIRECS;15795.0;2
928500;;;PEBBLES_XS;XIRECS;6363.0;2
938200;;;PEBBLES_L;XIRECS;9467.0;5
938200;;;PEBBLES_M;XIRECS;11009.0;5
938200;;;PEBBLES_S;XIRECS;7696.0;5
938200;;;PEBBLES_XL;XIRECS;15521.0;5
938200;;;PEBBLES_XS;XIRECS;6340.0;5
942800;;;PEBBLES_L;XIRECS;9416.0;3
942800;;;PEBBLES_M;XIRECS;10780.0;3
942800;;;PEBBLES_S;XIRECS;7811.0;3
942800;;;PEBBLES_XL;XIRECS;15740.0;3
942800;;;PEBBLES_XS;XIRECS;6287.0;3
946700;;;PEBBLES_L;XIRECS;9467.0;4
946700;;;PEBBLES_M;XIRECS;10740.0;4
946700;;;PEBBLES_S;XIRECS;7833.0;4
946700;;;PEBBLES_XL;XIRECS;15622.0;4
946700;;;PEBBLES_XS;XIRECS;6305.0;4
947800;;;PEBBLES_L;XIRECS;9485.0;3
947800;;;PEBBLES_M;XIRECS;10702.0;3
947800;;;PEBBLES_S;XIRECS;7856.0;3
947800;;;PEBBLES_XL;XIRECS;15613.0;3
947800;;;PEBBLES_XS;XIRECS;6312.0;3
948600;;;PEBBLES_L;XIRECS;9425.0;4
948600;;;PEBBLES_M;XIRECS;10622.0;4
948600;;;PEBBLES_S;XIRECS;7831.0;4
948600;;;PEBBLES_XL;XIRECS;15757.0;4
948600;;;PEBBLES_XS;XIRECS;6333.0;4
950000;;;PEBBLES_L;XIRECS;9590.0;2
950000;;;PEBBLES_M;XIRECS;10639.0;2
950000;;;PEBBLES_S;XIRECS;7869.0;2
950000;;;PEBBLES_XL;XIRECS;15669.0;2
950000;;;PEBBLES_XS;XIRECS;6266.0;2
954200;;;PEBBLES_L;XIRECS;9506.0;3
954200;;;PEBBLES_M;XIRECS;10597.0;3
954200;;;PEBBLES_S;XIRECS;8018.0;3
954200;;;PEBBLES_XL;XIRECS;15517.0;3
954200;;;PEBBLES_XS;XIRECS;6329.0;3
963700;;;PEBBLES_L;XIRECS;9305.0;5
963700;;;PEBBLES_M;XIRECS;10701.0;5
963700;;;PEBBLES_S;XIRECS;8153.0;5
963700;;;PEBBLES_XL;XIRECS;15402.0;5
963700;;;PEBBLES_XS;XIRECS;6407.0;5
967700;;;PEBBLES_L;XIRECS;9192.0;4
967700;;;PEBBLES_M;XIRECS;10681.0;4
967700;;;PEBBLES_S;XIRECS;8003.0;4
967700;;;PEBBLES_XL;XIRECS;15795.0;4
967700;;;PEBBLES_XS;XIRECS;6296.0;4
969400;;;PEBBLES_L;XIRECS;9200.0;4
969400;;;PEBBLES_M;XIRECS;10668.0;4
969400;;;PEBBLES_S;XIRECS;7925.0;4
969400;;;PEBBLES_XL;XIRECS;15832.0;4
969400;;;PEBBLES_XS;XIRECS;6342.0;4
976500;;;PEBBLES_L;XIRECS;9272.0;4
976500;;;PEBBLES_M;XIRECS;10637.0;4
976500;;;PEBBLES_S;XIRECS;8002.0;4
976500;;;PEBBLES_XL;XIRECS;15789.0;4
976500;;;PEBBLES_XS;XIRECS;6332.0;4
985300;;;PEBBLES_L;XIRECS;9246.0;4
985300;;;PEBBLES_M;XIRECS;10852.0;4
985300;;;PEBBLES_S;XIRECS;7965.0;4
985300;;;PEBBLES_XL;XIRECS;15891.0;4
985300;;;PEBBLES_XS;XIRECS;6014.0;4
986000;;;PEBBLES_L;XIRECS;9248.0;2
986000;;;PEBBLES_M;XIRECS;10920.0;2
986000;;;PEBBLES_S;XIRECS;8037.0;2
986000;;;PEBBLES_XL;XIRECS;15699.0;2
986000;;;PEBBLES_XS;XIRECS;6063.0;2
988600;;;PEBBLES_L;XIRECS;9210.0;4
988600;;;PEBBLES_M;XIRECS;10917.0;4
988600;;;PEBBLES_S;XIRECS;8032.0;4
988600;;;PEBBLES_XL;XIRECS;15814.0;4
988600;;;PEBBLES_XS;XIRECS;6060.0;4
988700;;;PEBBLES_L;XIRECS;9192.0;5
988700;;;PEBBLES_M;XIRECS;10912.0;5
988700;;;PEBBLES_S;XIRECS;7999.0;5
988700;;;PEBBLES_XL;XIRECS;15818.0;5
988700;;;PEBBLES_XS;XIRECS;6047.0;5
994400;;;PEBBLES_L;XIRECS;9189.0;3
994400;;;PEBBLES_M;XIRECS;10832.0;3
994400;;;PEBBLES_S;XIRECS;8022.0;3
994400;;;PEBBLES_XL;XIRECS;15866.0;3
994400;;;PEBBLES_XS;XIRECS;6059.0;3
998500;;;PEBBLES_L;XIRECS;9128.0;2
998500;;;PEBBLES_M;XIRECS;10776.0;2
998500;;;PEBBLES_S;XIRECS;8095.0;2
998500;;;PEBBLES_XL;XIRECS;15846.0;2
998500;;;PEBBLES_XS;XIRECS;6122.0;2
