timestamp;buyer;seller;symbol;currency;price;quantity
4500;;;PEBBLES_L;XIRECS;9854.0;3
4500;;;PEBBLES_M;XIRECS;10007.0;3
4500;;;PEBBLES_S;XIRECS;10178.0;3
4500;;;PEBBLES_XL;XIRECS;10076.0;3
4500;;;PEBBLES_XS;XIRECS;9918.0;3
10100;;;PEBBLES_L;XIRECS;9964.0;4
10100;;;PEBBLES_M;XIRECS;9971.0;4
10100;;;PEBBLES_S;XIRECS;10338.0;4
10100;;;PEBBLES_XL;XIRECS;9649.0;4
10100;;;PEBBLES_XS;XIRECS;10110.0;4
15300;;;PEBBLES_L;XIRECS;10287.0;4
15300;;;PEBBLES_M;XIRECS;9858.0;4
15300;;;PEBBLES_S;XIRECS;10317.0;4
15300;;;PEBBLES_XL;XIRECS;9511.0;4
15300;;;PEBBLES_XS;XIRECS;10059.0;4
15700;;;PEBBLES_L;XIRECS;10272.0;5
15700;;;PEBBLES_M;XIRECS;9843.0;5
15700;;;PEBBLES_S;XIRECS;10289.0;5
15700;;;PEBBLES_XL;XIRECS;9500.0;5
15700;;;PEBBLES_XS;XIRECS;10063.0;5
15900;;;PEBBLES_L;XIRECS;10277.0;4
15900;;;PEBBLES_M;XIRECS;9875.0;4
15900;;;PEBBLES_S;XIRECS;10296.0;4
15900;;;PEBBLES_XL;XIRECS;9446.0;4
15900;;;PEBBLES_XS;XIRECS;10073.0;4
17500;;;PEBBLES_L;XIRECS;10315.0;4
17500;;;PEBBLES_M;XIRECS;9873.0;4
17500;;;PEBBLES_S;XIRECS;10320.0;4
17500;;;PEBBLES_XL;XIRECS;9437.0;4
17500;;;PEBBLES_XS;XIRECS;10087.0;4
20100;;;PEBBLES_L;XIRECS;10401.0;2
20100;;;PEBBLES_M;XIRECS;9700.0;2
20100;;;PEBBLES_S;XIRECS;10398.0;2
20100;;;PEBBLES_XL;XIRECS;9320.0;2
20100;;;PEBBLES_XS;XIRECS;10149.0;2
23300;;;PEBBLES_L;XIRECS;10291.0;3
23300;;;PEBBLES_M;XIRECS;9688.0;3
23300;;;PEBBLES_S;XIRECS;10389.0;3
23300;;;PEBBLES_XL;XIRECS;9466.0;3
23300;;;PEBBLES_XS;XIRECS;10198.0;3
24500;;;PEBBLES_L;XIRECS;10232.0;5
24500;;;PEBBLES_M;XIRECS;9666.0;5
24500;;;PEBBLES_S;XIRECS;10375.0;5
24500;;;PEBBLES_XL;XIRECS;9622.0;5
24500;;;PEBBLES_XS;XIRECS;10137.0;5
25000;;;PEBBLES_L;XIRECS;10222.0;2
25000;;;PEBBLES_M;XIRECS;9662.0;2
25000;;;PEBBLES_S;XIRECS;10380.0;2
25000;;;PEBBLES_XL;XIRECS;9596.0;2
25000;;;PEBBLES_XS;XIRECS;10108.0;2
28100;;;PEBBLES_L;XIRECS;10350.0;3
28100;;;PEBBLES_M;XIRECS;9677.0;3
28100;;;PEBBLES_S;XIRECS;10429.0;3
28100;;;PEBBLES_XL;XIRECS;9558.0;3
28100;;;PEBBLES_XS;XIRECS;10020.0;3
45000;;;PEBBLES_L;XIRECS;10158.0;4
45000;;;PEBBLES_M;XIRECS;9668.0;4
45000;;;PEBBLES_S;XIRECS;10611.0;4
45000;;;PEBBLES_XL;XIRECS;9659.0;4
45000;;;PEBBLES_XS;XIRECS;9871.0;4
50500;;;PEBBLES_L;XIRECS;10078.0;3
50500;;;PEBBLES_M;XIRECS;9690.0;3
50500;;;PEBBLES_S;XIRECS;10509.0;3
50500;;;PEBBLES_XL;XIRECS;9822.0;3
50500;;;PEBBLES_XS;XIRECS;9934.0;3
56700;;;PEBBLES_L;XIRECS;10094.0;3
56700;;;PEBBLES_M;XIRECS;9863.0;3
56700;;;PEBBLES_S;XIRECS;10388.0;3
56700;;;PEBBLES_XL;XIRECS;9590.0;3
56700;;;PEBBLES_XS;XIRECS;10098.0;3
60000;;;PEBBLES_L;XIRECS;10102.0;3
60000;;;PEBBLES_M;XIRECS;9874.0;3
60000;;;PEBBLES_S;XIRECS;10316.0;3
60000;;;PEBBLES_XL;XIRECS;9513.0;3
60000;;;PEBBLES_XS;XIRECS;10163.0;3
60100;;;PEBBLES_L;XIRECS;10082.0;4
60100;;;PEBBLES_M;XIRECS;9857.0;4
60100;;;PEBBLES_S;XIRECS;10314.0;4
60100;;;PEBBLES_XL;XIRECS;9573.0;4
60100;;;PEBBLES_XS;XIRECS;10140.0;4
60900;;;PEBBLES_L;XIRECS;10038.0;3
60900;;;PEBBLES_M;XIRECS;9854.0;3
60900;;;PEBBLES_S;XIRECS;10375.0;3
60900;;;PEBBLES_XL;XIRECS;9509.0;3
60900;;;PEBBLES_XS;XIRECS;10191.0;3
78000;;;PEBBLES_L;XIRECS;9988.0;2
78000;;;PEBBLES_M;XIRECS;9490.0;2
78000;;;PEBBLES_S;XIRECS;10689.0;2
78000;;;PEBBLES_XL;XIRECS;9362.0;2
78000;;;PEBBLES_XS;XIRECS;10503.0;2
78500;;;PEBBLES_L;XIRECS;9993.0;4
78500;;;PEBBLES_M;XIRECS;9507.0;4
78500;;;PEBBLES_S;XIRECS;10676.0;4
78500;;;PEBBLES_XL;XIRECS;9332.0;4
78500;;;PEBBLES_XS;XIRECS;10460.0;4
79200;;;PEBBLES_L;XIRECS;10010.0;5
79200;;;PEBBLES_M;XIRECS;9479.0;5
79200;;;PEBBLES_S;XIRECS;10632.0;5
79200;;;PEBBLES_XL;XIRECS;9502.0;5
79200;;;PEBBLES_XS;XIRECS;10410.0;5
94800;;;PEBBLES_L;XIRECS;10087.0;3
94800;;;PEBBLES_M;XIRECS;9724.0;3
94800;;;PEBBLES_S;XIRECS;10112.0;3
94800;;;PEBBLES_XL;XIRECS;9818.0;3
94800;;;PEBBLES_XS;XIRECS;10226.0;3
95100;;;PEBBLES_L;XIRECS;10061.0;5
95100;;;PEBBLES_M;XIRECS;9739.0;5
95100;;;PEBBLES_S;XIRECS;10105.0;5
95100;;;PEBBLES_XL;XIRECS;9798.0;5
95100;;;PEBBLES_XS;XIRECS;10265.0;5
97000;;;PEBBLES_L;XIRECS;10144.0;3
97000;;;PEBBLES_M;XIRECS;9672.0;3
97000;;;PEBBLES_S;XIRECS;10119.0;3
97000;;;PEBBLES_XL;XIRECS;9857.0;3
97000;;;PEBBLES_XS;XIRECS;10176.0;3
102400;;;PEBBLES_L;XIRECS;10198.0;2
102400;;;PEBBLES_M;XIRECS;9650.0;2
102400;;;PEBBLES_S;XIRECS;10200.0;2
102400;;;PEBBLES_XL;XIRECS;9893.0;2
102400;;;PEBBLES_XS;XIRECS;10056.0;2
103400;;;PEBBLES_L;XIRECS;10263.0;5
103400;;;PEBBLES_M;XIRECS;9578.0;5
103400;;;PEBBLES_S;XIRECS;10211.0;5
103400;;;PEBBLES_XL;XIRECS;9844.0;5
103400;;;PEBBLES_XS;XIRECS;10071.0;5
105100;;;PEBBLES_L;XIRECS;10343.0;5
105100;;;PEBBLES_M;XIRECS;9636.0;5
105100;;;PEBBLES_S;XIRECS;10114.0;5
105100;;;PEBBLES_XL;XIRECS;9733.0;5
105100;;;PEBBLES_XS;XIRECS;10141.0;5
109000;;;PEBBLES_L;XIRECS;10361.0;3
109000;;;PEBBLES_M;XIRECS;9751.0;3
109000;;;PEBBLES_S;XIRECS;10123.0;3
109000;;;PEBBLES_XL;XIRECS;9518.0;3
109000;;;PEBBLES_XS;XIRECS;10279.0;3
119500;;;PEBBLES_L;XIRECS;10465.0;4
119500;;;PEBBLES_M;XIRECS;9896.0;4
119500;;;PEBBLES_S;XIRECS;9906.0;4
119500;;;PEBBLES_XL;XIRECS;9440.0;4
119500;;;PEBBLES_XS;XIRECS;10261.0;4
119700;;;PEBBLES_L;XIRECS;10446.0;5
119700;;;PEBBLES_M;XIRECS;9892.0;5
119700;;;PEBBLES_S;XIRECS;9913.0;5
119700;;;PEBBLES_XL;XIRECS;9471.0;5
119700;;;PEBBLES_XS;XIRECS;10245.0;5
119900;;;PEBBLES_L;XIRECS;10446.0;4
119900;;;PEBBLES_M;XIRECS;9913.0;4
119900;;;PEBBLES_S;XIRECS;9905.0;4
119900;;;PEBBLES_XL;XIRECS;9466.0;4
119900;;;PEBBLES_XS;XIRECS;10237.0;4
122800;;;PEBBLES_L;XIRECS;10448.0;5
122800;;;PEBBLES_M;XIRECS;9939.0;5
122800;;;PEBBLES_S;XIRECS;9982.0;5
122800;;;PEBBLES_XL;XIRECS;9368.0;5
122800;;;PEBBLES_XS;XIRECS;10231.0;5
124800;;;PEBBLES_L;XIRECS;10605.0;3
124800;;;PEBBLES_M;XIRECS;10043.0;3
124800;;;PEBBLES_S;XIRECS;10001.0;3
124800;;;PEBBLES_XL;XIRECS;9211.0;3
124800;;;PEBBLES_XS;XIRECS;10172.0;3
142500;;;PEBBLES_L;XIRECS;10243.0;3
142500;;;PEBBLES_M;XIRECS;9559.0;3
142500;;;PEBBLES_S;XIRECS;10176.0;3
142500;;;PEBBLES_XL;XIRECS;10066.0;3
142500;;;PEBBLES_XS;XIRECS;9923.0;3
143700;;;PEBBLES_L;XIRECS;10308.0;4
143700;;;PEBBLES_M;XIRECS;9545.0;4
143700;;;PEBBLES_S;XIRECS;10202.0;4
143700;;;PEBBLES_XL;XIRECS;10125.0;4
143700;;;PEBBLES_XS;XIRECS;9853.0;4
150100;;;PEBBLES_L;XIRECS;10175.0;5
150100;;;PEBBLES_M;XIRECS;9496.0;5
150100;;;PEBBLES_S;XIRECS;10214.0;5
150100;;;PEBBLES_XL;XIRECS;10110.0;5
150100;;;PEBBLES_XS;XIRECS;9972.0;5
154200;;;PEBBLES_L;XIRECS;10003.0;5
154200;;;PEBBLES_M;XIRECS;9354.0;5
154200;;;PEBBLES_S;XIRECS;10137.0;5
154200;;;PEBBLES_XL;XIRECS;10417.0;5
154200;;;PEBBLES_XS;XIRECS;10057.0;5
157900;;;PEBBLES_L;XIRECS;9929.0;5
157900;;;PEBBLES_M;XIRECS;9394.0;5
157900;;;PEBBLES_S;XIRECS;10245.0;5
157900;;;PEBBLES_XL;XIRECS;10379.0;5
157900;;;PEBBLES_XS;XIRECS;10051.0;5
158900;;;PEBBLES_L;XIRECS;9932.0;4
158900;;;PEBBLES_M;XIRECS;9401.0;4
158900;;;PEBBLES_S;XIRECS;10251.0;4
158900;;;PEBBLES_XL;XIRECS;10390.0;4
158900;;;PEBBLES_XS;XIRECS;10058.0;4
165800;;;PEBBLES_L;XIRECS;10101.0;5
165800;;;PEBBLES_M;XIRECS;9554.0;5
165800;;;PEBBLES_S;XIRECS;10356.0;5
165800;;;PEBBLES_XL;XIRECS;9967.0;5
165800;;;PEBBLES_XS;XIRECS;9988.0;5
184500;;;PEBBLES_L;XIRECS;10342.0;2
184500;;;PEBBLES_M;XIRECS;9590.0;2
184500;;;PEBBLES_S;XIRECS;10332.0;2
184500;;;PEBBLES_XL;XIRECS;9639.0;2
184500;;;PEBBLES_XS;XIRECS;10064.0;2
185500;;;PEBBLES_L;XIRECS;10363.0;3
185500;;;PEBBLES_M;XIRECS;9623.0;3
185500;;;PEBBLES_S;XIRECS;10286.0;3
185500;;;PEBBLES_XL;XIRECS;9730.0;3
185500;;;PEBBLES_XS;XIRECS;10031.0;3
186200;;;PEBBLES_L;XIRECS;10335.0;3
186200;;;PEBBLES_M;XIRECS;9682.0;3
186200;;;PEBBLES_S;XIRECS;10299.0;3
186200;;;PEBBLES_XL;XIRECS;9672.0;3
186200;;;PEBBLES_XS;XIRECS;10045.0;3
187800;;;PEBBLES_L;XIRECS;10357.0;5
187800;;;PEBBLES_M;XIRECS;9711.0;5
187800;;;PEBBLES_S;XIRECS;10197.0;5
187800;;;PEBBLES_XL;XIRECS;9606.0;5
187800;;;PEBBLES_XS;XIRECS;10096.0;5
199400;;;PEBBLES_L;XIRECS;10116.0;4
199400;;;PEBBLES_M;XIRECS;9606.0;4
199400;;;PEBBLES_S;XIRECS;10111.0;4
199400;;;PEBBLES_XL;XIRECS;10367.0;4
199400;;;PEBBLES_XS;XIRECS;9833.0;4
207500;;;PEBBLES_L;XIRECS;10113.0;4
207500;;;PEBBLES_M;XIRECS;9665.0;4
207500;;;PEBBLES_S;XIRECS;9931.0;4
207500;;;PEBBLES_XL;XIRECS;10510.0;4
207500;;;PEBBLES_XS;XIRECS;9749.0;4
209300;;;PEBBLES_L;XIRECS;10033.0;5
209300;;;PEBBLES_M;XIRECS;9606.0;5
209300;;;PEBBLES_S;XIRECS;9845.0;5
209300;;;PEBBLES_XL;XIRECS;10656.0;5
209300;;;PEBBLES_XS;XIRECS;9827.0;5
210400;;;PEBBLES_L;XIRECS;10072.0;2
210400;;;PEBBLES_M;XIRECS;9681.0;2
210400;;;PEBBLES_S;XIRECS;9974.0;2
210400;;;PEBBLES_XL;XIRECS;10476.0;2
210400;;;PEBBLES_XS;XIRECS;9830.0;2
224700;;;PEBBLES_L;XIRECS;10005.0;2
224700;;;PEBBLES_M;XIRECS;9784.0;2
224700;;;PEBBLES_S;XIRECS;9976.0;2
224700;;;PEBBLES_XL;XIRECS;10441.0;2
224700;;;PEBBLES_XS;XIRECS;9761.0;2
229300;;;PEBBLES_L;XIRECS;9924.0;2
229300;;;PEBBLES_M;XIRECS;9627.0;2
229300;;;PEBBLES_S;XIRECS;9864.0;2
229300;;;PEBBLES_XL;XIRECS;10800.0;2
229300;;;PEBBLES_XS;XIRECS;9751.0;2
232700;;;PEBBLES_L;XIRECS;9958.0;2
232700;;;PEBBLES_M;XIRECS;9888.0;2
232700;;;PEBBLES_S;XIRECS;9861.0;2
232700;;;PEBBLES_XL;XIRECS;10610.0;2
232700;;;PEBBLES_XS;XIRECS;9652.0;2
238500;;;PEBBLES_L;XIRECS;9828.0;5
238500;;;PEBBLES_M;XIRECS;9871.0;5
238500;;;PEBBLES_S;XIRECS;9723.0;5
238500;;;PEBBLES_XL;XIRECS;10863.0;5
238500;;;PEBBLES_XS;XIRECS;9747.0;5
242400;;;PEBBLES_L;XIRECS;9867.0;5
242400;;;PEBBLES_M;XIRECS;9843.0;5
242400;;;PEBBLES_S;XIRECS;9662.0;5
242400;;;PEBBLES_XL;XIRECS;10796.0;5
242400;;;PEBBLES_XS;XIRECS;9865.0;5
243500;;;PEBBLES_L;XIRECS;9834.0;4
243500;;;PEBBLES_M;XIRECS;9869.0;4
243500;;;PEBBLES_S;XIRECS;9614.0;4
243500;;;PEBBLES_XL;XIRECS;10720.0;4
243500;;;PEBBLES_XS;XIRECS;9929.0;4
253300;;;PEBBLES_L;XIRECS;9814.0;5
253300;;;PEBBLES_M;XIRECS;10107.0;5
253300;;;PEBBLES_S;XIRECS;9446.0;5
253300;;;PEBBLES_XL;XIRECS;10784.0;5
253300;;;PEBBLES_XS;XIRECS;9818.0;5
254800;;;PEBBLES_L;XIRECS;9811.0;2
254800;;;PEBBLES_M;XIRECS;10042.0;2
254800;;;PEBBLES_S;XIRECS;9435.0;2
254800;;;PEBBLES_XL;XIRECS;10887.0;2
254800;;;PEBBLES_XS;XIRECS;9857.0;2
255900;;;PEBBLES_L;XIRECS;9769.0;2
255900;;;PEBBLES_M;XIRECS;9997.0;2
255900;;;PEBBLES_S;XIRECS;9511.0;2
255900;;;PEBBLES_XL;XIRECS;10972.0;2
255900;;;PEBBLES_XS;XIRECS;9783.0;2
257000;;;PEBBLES_L;XIRECS;9738.0;3
257000;;;PEBBLES_M;XIRECS;10005.0;3
257000;;;PEBBLES_S;XIRECS;9518.0;3
257000;;;PEBBLES_XL;XIRECS;10962.0;3
257000;;;PEBBLES_XS;XIRECS;9809.0;3
258900;;;PEBBLES_L;XIRECS;9789.0;3
258900;;;PEBBLES_M;XIRECS;9960.0;3
258900;;;PEBBLES_S;XIRECS;9514.0;3
258900;;;PEBBLES_XL;XIRECS;10974.0;3
258900;;;PEBBLES_XS;XIRECS;9796.0;3
266500;;;PEBBLES_L;XIRECS;9938.0;5
266500;;;PEBBLES_M;XIRECS;10119.0;5
266500;;;PEBBLES_S;XIRECS;9562.0;5
266500;;;PEBBLES_XL;XIRECS;10693.0;5
266500;;;PEBBLES_XS;XIRECS;9721.0;5
292700;;;PEBBLES_L;XIRECS;9918.0;2
292700;;;PEBBLES_M;XIRECS;10116.0;2
292700;;;PEBBLES_S;XIRECS;9636.0;2
292700;;;PEBBLES_XL;XIRECS;10808.0;2
292700;;;PEBBLES_XS;XIRECS;9554.0;2
300500;;;PEBBLES_L;XIRECS;10251.0;2
300500;;;PEBBLES_M;XIRECS;9995.0;2
300500;;;PEBBLES_S;XIRECS;9561.0;2
300500;;;PEBBLES_XL;XIRECS;10683.0;2
300500;;;PEBBLES_XS;XIRECS;9542.0;2
311400;;;PEBBLES_L;XIRECS;10375.0;5
311400;;;PEBBLES_M;XIRECS;9999.0;5
311400;;;PEBBLES_S;XIRECS;9773.0;5
311400;;;PEBBLES_XL;XIRECS;10433.0;5
311400;;;PEBBLES_XS;XIRECS;9452.0;5
317300;;;PEBBLES_L;XIRECS;10331.0;2
317300;;;PEBBLES_M;XIRECS;10118.0;2
317300;;;PEBBLES_S;XIRECS;9817.0;2
317300;;;PEBBLES_XL;XIRECS;10193.0;2
317300;;;PEBBLES_XS;XIRECS;9574.0;2
319200;;;PEBBLES_L;XIRECS;10250.0;2
319200;;;PEBBLES_M;XIRECS;10088.0;2
319200;;;PEBBLES_S;XIRECS;9851.0;2
319200;;;PEBBLES_XL;XIRECS;10183.0;2
319200;;;PEBBLES_XS;XIRECS;9661.0;2
321300;;;PEBBLES_L;XIRECS;10196.0;5
321300;;;PEBBLES_M;XIRECS;10048.0;5
321300;;;PEBBLES_S;XIRECS;9658.0;5
321300;;;PEBBLES_XL;XIRECS;10483.0;5
321300;;;PEBBLES_XS;XIRECS;9647.0;5
327000;;;PEBBLES_L;XIRECS;10273.0;2
327000;;;PEBBLES_M;XIRECS;10108.0;2
327000;;;PEBBLES_S;XIRECS;9442.0;2
327000;;;PEBBLES_XL;XIRECS;10479.0;2
327000;;;PEBBLES_XS;XIRECS;9666.0;2
328300;;;PEBBLES_L;XIRECS;10293.0;3
328300;;;PEBBLES_M;XIRECS;10155.0;3
328300;;;PEBBLES_S;XIRECS;9428.0;3
328300;;;PEBBLES_XL;XIRECS;10591.0;3
328300;;;PEBBLES_XS;XIRECS;9567.0;3
334400;;;PEBBLES_L;XIRECS;10416.0;4
334400;;;PEBBLES_M;XIRECS;9974.0;4
334400;;;PEBBLES_S;XIRECS;9390.0;4
334400;;;PEBBLES_XL;XIRECS;10911.0;4
334400;;;PEBBLES_XS;XIRECS;9341.0;4
337200;;;PEBBLES_L;XIRECS;10340.0;3
337200;;;PEBBLES_M;XIRECS;9905.0;3
337200;;;PEBBLES_S;XIRECS;9273.0;3
337200;;;PEBBLES_XL;XIRECS;11202.0;3
337200;;;PEBBLES_XS;XIRECS;9249.0;3
338500;;;PEBBLES_L;XIRECS;10364.0;3
338500;;;PEBBLES_M;XIRECS;9884.0;3
338500;;;PEBBLES_S;XIRECS;9245.0;3
338500;;;PEBBLES_XL;XIRECS;11153.0;3
338500;;;PEBBLES_XS;XIRECS;9322.0;3
340600;;;PEBBLES_L;XIRECS;10290.0;3
340600;;;PEBBLES_M;XIRECS;9918.0;3
340600;;;PEBBLES_S;XIRECS;9280.0;3
340600;;;PEBBLES_XL;XIRECS;11142.0;3
340600;;;PEBBLES_XS;XIRECS;9336.0;3
341100;;;PEBBLES_L;XIRECS;10302.0;5
341100;;;PEBBLES_M;XIRECS;9898.0;5
341100;;;PEBBLES_S;XIRECS;9323.0;5
341100;;;PEBBLES_XL;XIRECS;11168.0;5
341100;;;PEBBLES_XS;XIRECS;9341.0;5
342800;;;PEBBLES_L;XIRECS;10264.0;5
342800;;;PEBBLES_M;XIRECS;9867.0;5
342800;;;PEBBLES_S;XIRECS;9219.0;5
342800;;;PEBBLES_XL;XIRECS;11319.0;5
342800;;;PEBBLES_XS;XIRECS;9298.0;5
352800;;;PEBBLES_L;XIRECS;10178.0;5
352800;;;PEBBLES_M;XIRECS;9689.0;5
352800;;;PEBBLES_S;XIRECS;9022.0;5
352800;;;PEBBLES_XL;XIRECS;11574.0;5
352800;;;PEBBLES_XS;XIRECS;9504.0;5
363400;;;PEBBLES_L;XIRECS;10188.0;5
363400;;;PEBBLES_M;XIRECS;9816.0;5
363400;;;PEBBLES_S;XIRECS;9104.0;5
363400;;;PEBBLES_XL;XIRECS;11658.0;5
363400;;;PEBBLES_XS;XIRECS;9267.0;5
364200;;;PEBBLES_L;XIRECS;10223.0;4
364200;;;PEBBLES_M;XIRECS;9854.0;4
364200;;;PEBBLES_S;XIRECS;9058.0;4
364200;;;PEBBLES_XL;XIRECS;11610.0;4
364200;;;PEBBLES_XS;XIRECS;9222.0;4
366000;;;PEBBLES_L;XIRECS;10216.0;2
366000;;;PEBBLES_M;XIRECS;9947.0;2
366000;;;PEBBLES_S;XIRECS;9077.0;2
366000;;;PEBBLES_XL;XIRECS;11486.0;2
366000;;;PEBBLES_XS;XIRECS;9241.0;2
372900;;;PEBBLES_L;XIRECS;10302.0;2
372900;;;PEBBLES_M;XIRECS;9989.0;2
372900;;;PEBBLES_S;XIRECS;9189.0;2
372900;;;PEBBLES_XL;XIRECS;11242.0;2
372900;;;PEBBLES_XS;XIRECS;9312.0;2
375800;;;PEBBLES_L;XIRECS;10402.0;2
375800;;;PEBBLES_M;XIRECS;10009.0;2
375800;;;PEBBLES_S;XIRECS;9224.0;2
375800;;;PEBBLES_XL;XIRECS;11003.0;2
375800;;;PEBBLES_XS;XIRECS;9395.0;2
376800;;;PEBBLES_L;XIRECS;10345.0;5
376800;;;PEBBLES_M;XIRECS;10032.0;5
376800;;;PEBBLES_S;XIRECS;9236.0;5
376800;;;PEBBLES_XL;XIRECS;11019.0;5
376800;;;PEBBLES_XS;XIRECS;9335.0;5
379500;;;PEBBLES_L;XIRECS;10301.0;2
379500;;;PEBBLES_M;XIRECS;10101.0;2
379500;;;PEBBLES_S;XIRECS;9364.0;2
379500;;;PEBBLES_XL;XIRECS;10972.0;2
379500;;;PEBBLES_XS;XIRECS;9295.0;2
387800;;;PEBBLES_L;XIRECS;10179.0;2
387800;;;PEBBLES_M;XIRECS;10060.0;2
387800;;;PEBBLES_S;XIRECS;9244.0;2
387800;;;PEBBLES_XL;XIRECS;11441.0;2
387800;;;PEBBLES_XS;XIRECS;9043.0;2
389500;;;PEBBLES_L;XIRECS;10223.0;4
389500;;;PEBBLES_M;XIRECS;10020.0;4
389500;;;PEBBLES_S;XIRECS;9177.0;4
389500;;;PEBBLES_XL;XIRECS;11484.0;4
389500;;;PEBBLES_XS;XIRECS;9064.0;4
390600;;;PEBBLES_L;XIRECS;10244.0;5
390600;;;PEBBLES_M;XIRECS;10154.0;5
390600;;;PEBBLES_S;XIRECS;9194.0;5
390600;;;PEBBLES_XL;XIRECS;11373.0;5
390600;;;PEBBLES_XS;XIRECS;9068.0;5
399400;;;PEBBLES_L;XIRECS;10300.0;5
399400;;;PEBBLES_M;XIRECS;10339.0;5
399400;;;PEBBLES_S;XIRECS;9280.0;5
399400;;;PEBBLES_XL;XIRECS;10970.0;5
399400;;;PEBBLES_XS;XIRECS;9080.0;5
411900;;;PEBBLES_L;XIRECS;10343.0;2
411900;;;PEBBLES_M;XIRECS;10293.0;2
411900;;;PEBBLES_S;XIRECS;9533.0;2
411900;;;PEBBLES_XL;XIRECS;10655.0;2
411900;;;PEBBLES_XS;XIRECS;9208.0;2
418100;;;PEBBLES_L;XIRECS;10621.0;2
418100;;;PEBBLES_M;XIRECS;10211.0;2
418100;;;PEBBLES_S;XIRECS;9646.0;2
418100;;;PEBBLES_XL;XIRECS;10286.0;2
418100;;;PEBBLES_XS;XIRECS;9269.0;2
418500;;;PEBBLES_L;XIRECS;10618.0;4
418500;;;PEBBLES_M;XIRECS;10160.0;4
418500;;;PEBBLES_S;XIRECS;9585.0;4
418500;;;PEBBLES_XL;XIRECS;10372.0;4
418500;;;PEBBLES_XS;XIRECS;9232.0;4
423000;;;PEBBLES_L;XIRECS;10655.0;5
423000;;;PEBBLES_M;XIRECS;10160.0;5
423000;;;PEBBLES_S;XIRECS;9534.0;5
423000;;;PEBBLES_XL;XIRECS;10419.0;5
423000;;;PEBBLES_XS;XIRECS;9200.0;5
423600;;;PEBBLES_L;XIRECS;10639.0;5
423600;;;PEBBLES_M;XIRECS;10104.0;5
423600;;;PEBBLES_S;XIRECS;9619.0;5
423600;;;PEBBLES_XL;XIRECS;10458.0;5
423600;;;PEBBLES_XS;XIRECS;9214.0;5
425500;;;PEBBLES_L;XIRECS;10697.0;2
425500;;;PEBBLES_M;XIRECS;10090.0;2
425500;;;PEBBLES_S;XIRECS;9574.0;2
425500;;;PEBBLES_XL;XIRECS;10464.0;2
425500;;;PEBBLES_XS;XIRECS;9208.0;2
429500;;;PEBBLES_L;XIRECS;10722.0;5
429500;;;PEBBLES_M;XIRECS;10140.0;5
429500;;;PEBBLES_S;XIRECS;9565.0;5
429500;;;PEBBLES_XL;XIRECS;10536.0;5
429500;;;PEBBLES_XS;XIRECS;9069.0;5
432300;;;PEBBLES_L;XIRECS;10680.0;3
432300;;;PEBBLES_M;XIRECS;10093.0;3
432300;;;PEBBLES_S;XIRECS;9550.0;3
432300;;;PEBBLES_XL;XIRECS;10566.0;3
432300;;;PEBBLES_XS;XIRECS;9078.0;3
461400;;;PEBBLES_L;XIRECS;10485.0;5
461400;;;PEBBLES_M;XIRECS;10347.0;5
461400;;;PEBBLES_S;XIRECS;9466.0;5
461400;;;PEBBLES_XL;XIRECS;10473.0;5
461400;;;PEBBLES_XS;XIRECS;9196.0;5
463100;;;PEBBLES_L;XIRECS;10459.0;5
463100;;;PEBBLES_M;XIRECS;10250.0;5
463100;;;PEBBLES_S;XIRECS;9536.0;5
463100;;;PEBBLES_XL;XIRECS;10510.0;5
463100;;;PEBBLES_XS;XIRECS;9213.0;5
468000;;;PEBBLES_L;XIRECS;10421.0;5
468000;;;PEBBLES_M;XIRECS;10240.0;5
468000;;;PEBBLES_S;XIRECS;9727.0;5
468000;;;PEBBLES_XL;XIRECS;10515.0;5
468000;;;PEBBLES_XS;XIRECS;9130.0;5
469900;;;PEBBLES_L;XIRECS;10425.0;5
469900;;;PEBBLES_M;XIRECS;10219.0;5
469900;;;PEBBLES_S;XIRECS;9743.0;5
469900;;;PEBBLES_XL;XIRECS;10528.0;5
469900;;;PEBBLES_XS;XIRECS;9117.0;5
470900;;;PEBBLES_L;XIRECS;10445.0;5
470900;;;PEBBLES_M;XIRECS;10221.0;5
470900;;;PEBBLES_S;XIRECS;9873.0;5
470900;;;PEBBLES_XL;XIRECS;10351.0;5
470900;;;PEBBLES_XS;XIRECS;9142.0;5
471000;;;PEBBLES_L;XIRECS;10447.0;5
471000;;;PEBBLES_M;XIRECS;10210.0;5
471000;;;PEBBLES_S;XIRECS;9857.0;5
471000;;;PEBBLES_XL;XIRECS;10363.0;5
471000;;;PEBBLES_XS;XIRECS;9157.0;5
471100;;;PEBBLES_L;XIRECS;10459.0;2
471100;;;PEBBLES_M;XIRECS;10174.0;2
471100;;;PEBBLES_S;XIRECS;9852.0;2
471100;;;PEBBLES_XL;XIRECS;10342.0;2
471100;;;PEBBLES_XS;XIRECS;9141.0;2
475400;;;PEBBLES_L;XIRECS;10458.0;3
475400;;;PEBBLES_M;XIRECS;10080.0;3
475400;;;PEBBLES_S;XIRECS;9823.0;3
475400;;;PEBBLES_XL;XIRECS;10523.0;3
475400;;;PEBBLES_XS;XIRECS;9084.0;3
479500;;;PEBBLES_L;XIRECS;10579.0;3
479500;;;PEBBLES_M;XIRECS;10100.0;3
479500;;;PEBBLES_S;XIRECS;9810.0;3
479500;;;PEBBLES_XL;XIRECS;10531.0;3
479500;;;PEBBLES_XS;XIRECS;9013.0;3
480900;;;PEBBLES_L;XIRECS;10516.0;4
480900;;;PEBBLES_M;XIRECS;10101.0;4
480900;;;PEBBLES_S;XIRECS;9889.0;4
480900;;;PEBBLES_XL;XIRECS;10513.0;4
480900;;;PEBBLES_XS;XIRECS;9013.0;4
490000;;;PEBBLES_L;XIRECS;10293.0;2
490000;;;PEBBLES_M;XIRECS;10150.0;2
490000;;;PEBBLES_S;XIRECS;9972.0;2
490000;;;PEBBLES_XL;XIRECS;10621.0;2
490000;;;PEBBLES_XS;XIRECS;8996.0;2
492300;;;PEBBLES_L;XIRECS;10255.0;4
492300;;;PEBBLES_M;XIRECS;10193.0;4
492300;;;PEBBLES_S;XIRECS;9968.0;4
492300;;;PEBBLES_XL;XIRECS;10435.0;4
492300;;;PEBBLES_XS;XIRECS;9116.0;4
495700;;;PEBBLES_L;XIRECS;10323.0;3
495700;;;PEBBLES_M;XIRECS;10135.0;3
495700;;;PEBBLES_S;XIRECS;9891.0;3
495700;;;PEBBLES_XL;XIRECS;10614.0;3
495700;;;PEBBLES_XS;XIRECS;9069.0;3
497900;;;PEBBLES_L;XIRECS;10249.0;3
497900;;;PEBBLES_M;XIRECS;10121.0;3
497900;;;PEBBLES_S;XIRECS;9853.0;3
497900;;;PEBBLES_XL;XIRECS;10591.0;3
497900;;;PEBBLES_XS;XIRECS;9153.0;3
498300;;;PEBBLES_L;XIRECS;10251.0;4
498300;;;PEBBLES_M;XIRECS;10092.0;4
498300;;;PEBBLES_S;XIRECS;9845.0;4
498300;;;PEBBLES_XL;XIRECS;10640.0;4
498300;;;PEBBLES_XS;XIRECS;9140.0;4
500200;;;PEBBLES_L;XIRECS;10254.0;4
500200;;;PEBBLES_M;XIRECS;10164.0;4
500200;;;PEBBLES_S;XIRECS;9815.0;4
500200;;;PEBBLES_XL;XIRECS;10605.0;4
500200;;;PEBBLES_XS;XIRECS;9160.0;4
501600;;;PEBBLES_L;XIRECS;10283.0;5
501600;;;PEBBLES_M;XIRECS;10126.0;5
501600;;;PEBBLES_S;XIRECS;9778.0;5
501600;;;PEBBLES_XL;XIRECS;10678.0;5
501600;;;PEBBLES_XS;XIRECS;9169.0;5
504200;;;PEBBLES_L;XIRECS;10239.0;2
504200;;;PEBBLES_M;XIRECS;10214.0;2
504200;;;PEBBLES_S;XIRECS;9728.0;2
504200;;;PEBBLES_XL;XIRECS;10670.0;2
504200;;;PEBBLES_XS;XIRECS;9117.0;2
506400;;;PEBBLES_L;XIRECS;10241.0;5
506400;;;PEBBLES_M;XIRECS;10119.0;5
506400;;;PEBBLES_S;XIRECS;9651.0;5
506400;;;PEBBLES_XL;XIRECS;10817.0;5
506400;;;PEBBLES_XS;XIRECS;9139.0;5
507800;;;PEBBLES_L;XIRECS;10328.0;2
507800;;;PEBBLES_M;XIRECS;10244.0;2
507800;;;PEBBLES_S;XIRECS;9688.0;2
507800;;;PEBBLES_XL;XIRECS;10576.0;2
507800;;;PEBBLES_XS;XIRECS;9131.0;2
512300;;;PEBBLES_L;XIRECS;10380.0;2
512300;;;PEBBLES_M;XIRECS;10126.0;2
512300;;;PEBBLES_S;XIRECS;9669.0;2
512300;;;PEBBLES_XL;XIRECS;10730.0;2
512300;;;PEBBLES_XS;XIRECS;9063.0;2
519500;;;PEBBLES_L;XIRECS;10302.0;3
519500;;;PEBBLES_M;XIRECS;10055.0;3
519500;;;PEBBLES_S;XIRECS;9792.0;3
519500;;;PEBBLES_XL;XIRECS;10962.0;3
519500;;;PEBBLES_XS;XIRECS;8856.0;3
524200;;;PEBBLES_L;XIRECS;10406.0;5
524200;;;PEBBLES_M;XIRECS;10047.0;5
524200;;;PEBBLES_S;XIRECS;9930.0;5
524200;;;PEBBLES_XL;XIRECS;10866.0;5
524200;;;PEBBLES_XS;XIRECS;8718.0;5
527000;;;PEBBLES_L;XIRECS;10272.0;3
527000;;;PEBBLES_M;XIRECS;10021.0;3
527000;;;PEBBLES_S;XIRECS;9990.0;3
527000;;;PEBBLES_XL;XIRECS;10965.0;3
527000;;;PEBBLES_XS;XIRECS;8720.0;3
530400;;;PEBBLES_L;XIRECS;10069.0;3
530400;;;PEBBLES_M;XIRECS;9964.0;3
530400;;;PEBBLES_S;XIRECS;10103.0;3
530400;;;PEBBLES_XL;XIRECS;10969.0;3
530400;;;PEBBLES_XS;XIRECS;8927.0;3
549900;;;PEBBLES_L;XIRECS;9898.0;4
549900;;;PEBBLES_M;XIRECS;9774.0;4
549900;;;PEBBLES_S;XIRECS;10015.0;4
549900;;;PEBBLES_XL;XIRECS;10921.0;4
549900;;;PEBBLES_XS;XIRECS;9425.0;4
565000;;;PEBBLES_L;XIRECS;9712.0;2
565000;;;PEBBLES_M;XIRECS;10063.0;2
565000;;;PEBBLES_S;XIRECS;9937.0;2
565000;;;PEBBLES_XL;XIRECS;11131.0;2
565000;;;PEBBLES_XS;XIRECS;9124.0;2
566800;;;PEBBLES_L;XIRECS;9611.0;4
566800;;;PEBBLES_M;XIRECS;10112.0;4
566800;;;PEBBLES_S;XIRECS;9900.0;4
566800;;;PEBBLES_XL;XIRECS;11227.0;4
566800;;;PEBBLES_XS;XIRECS;9117.0;4
573300;;;PEBBLES_L;XIRECS;9532.0;4
573300;;;PEBBLES_M;XIRECS;10101.0;4
573300;;;PEBBLES_S;XIRECS;9908.0;4
573300;;;PEBBLES_XL;XIRECS;11584.0;4
573300;;;PEBBLES_XS;XIRECS;8844.0;4
576300;;;PEBBLES_L;XIRECS;9662.0;3
576300;;;PEBBLES_M;XIRECS;10177.0;3
576300;;;PEBBLES_S;XIRECS;9964.0;3
576300;;;PEBBLES_XL;XIRECS;11283.0;3
576300;;;PEBBLES_XS;XIRECS;8946.0;3
577200;;;PEBBLES_L;XIRECS;9622.0;3
577200;;;PEBBLES_M;XIRECS;10205.0;3
577200;;;PEBBLES_S;XIRECS;9985.0;3
577200;;;PEBBLES_XL;XIRECS;11369.0;3
577200;;;PEBBLES_XS;XIRECS;8852.0;3
582600;;;PEBBLES_L;XIRECS;9592.0;5
582600;;;PEBBLES_M;XIRECS;10128.0;5
582600;;;PEBBLES_S;XIRECS;9892.0;5
582600;;;PEBBLES_XL;XIRECS;11495.0;5
582600;;;PEBBLES_XS;XIRECS;8925.0;5
589400;;;PEBBLES_L;XIRECS;9321.0;5
589400;;;PEBBLES_M;XIRECS;10128.0;5
589400;;;PEBBLES_S;XIRECS;9740.0;5
589400;;;PEBBLES_XL;XIRECS;11805.0;5
589400;;;PEBBLES_XS;XIRECS;8974.0;5
596600;;;PEBBLES_L;XIRECS;9174.0;3
596600;;;PEBBLES_M;XIRECS;10118.0;3
596600;;;PEBBLES_S;XIRECS;9465.0;3
596600;;;PEBBLES_XL;XIRECS;12385.0;3
596600;;;PEBBLES_XS;XIRECS;8889.0;3
611700;;;PEBBLES_L;XIRECS;9160.0;5
611700;;;PEBBLES_M;XIRECS;9990.0;5
611700;;;PEBBLES_S;XIRECS;9242.0;5
611700;;;PEBBLES_XL;XIRECS;12538.0;5
611700;;;PEBBLES_XS;XIRECS;9037.0;5
622000;;;PEBBLES_L;XIRECS;9358.0;5
622000;;;PEBBLES_M;XIRECS;9645.0;5
622000;;;PEBBLES_S;XIRECS;9322.0;5
622000;;;PEBBLES_XL;XIRECS;12667.0;5
622000;;;PEBBLES_XS;XIRECS;8976.0;5
624100;;;PEBBLES_L;XIRECS;9386.0;2
624100;;;PEBBLES_M;XIRECS;9680.0;2
624100;;;PEBBLES_S;XIRECS;9379.0;2
624100;;;PEBBLES_XL;XIRECS;12642.0;2
624100;;;PEBBLES_XS;XIRECS;8945.0;2
632300;;;PEBBLES_L;XIRECS;9264.0;2
632300;;;PEBBLES_M;XIRECS;9662.0;2
632300;;;PEBBLES_S;XIRECS;9479.0;2
632300;;;PEBBLES_XL;XIRECS;12814.0;2
632300;;;PEBBLES_XS;XIRECS;8813.0;2
639300;;;PEBBLES_L;XIRECS;9280.0;3
639300;;;PEBBLES_M;XIRECS;9565.0;3
639300;;;PEBBLES_S;XIRECS;9612.0;3
639300;;;PEBBLES_XL;XIRECS;12582.0;3
639300;;;PEBBLES_XS;XIRECS;8928.0;3
639800;;;PEBBLES_L;XIRECS;9310.0;2
639800;;;PEBBLES_M;XIRECS;9578.0;2
639800;;;PEBBLES_S;XIRECS;9579.0;2
639800;;;PEBBLES_XL;XIRECS;12609.0;2
639800;;;PEBBLES_XS;XIRECS;8956.0;2
645700;;;PEBBLES_L;XIRECS;9285.0;2
645700;;;PEBBLES_M;XIRECS;9766.0;2
645700;;;PEBBLES_S;XIRECS;9554.0;2
645700;;;PEBBLES_XL;XIRECS;12435.0;2
645700;;;PEBBLES_XS;XIRECS;8928.0;2
651600;;;PEBBLES_L;XIRECS;9336.0;4
651600;;;PEBBLES_M;XIRECS;9695.0;4
651600;;;PEBBLES_S;XIRECS;9720.0;4
651600;;;PEBBLES_XL;XIRECS;12483.0;4
651600;;;PEBBLES_XS;XIRECS;8734.0;4
659600;;;PEBBLES_L;XIRECS;9303.0;3
659600;;;PEBBLES_M;XIRECS;9747.0;3
659600;;;PEBBLES_S;XIRECS;9653.0;3
659600;;;PEBBLES_XL;XIRECS;12431.0;3
659600;;;PEBBLES_XS;XIRECS;8834.0;3
664300;;;PEBBLES_L;XIRECS;9310.0;2
664300;;;PEBBLES_M;XIRECS;9781.0;2
664300;;;PEBBLES_S;XIRECS;9555.0;2
664300;;;PEBBLES_XL;XIRECS;12390.0;2
664300;;;PEBBLES_XS;XIRECS;8932.0;2
678500;;;PEBBLES_L;XIRECS;9440.0;3
678500;;;PEBBLES_M;XIRECS;10196.0;3
678500;;;PEBBLES_S;XIRECS;9746.0;3
678500;;;PEBBLES_XL;XIRECS;11756.0;3
678500;;;PEBBLES_XS;XIRECS;8830.0;3
685300;;;PEBBLES_L;XIRECS;9241.0;3
685300;;;PEBBLES_M;XIRECS;10144.0;3
685300;;;PEBBLES_S;XIRECS;9751.0;3
685300;;;PEBBLES_XL;XIRECS;11949.0;3
685300;;;PEBBLES_XS;XIRECS;8882.0;3
686200;;;PEBBLES_L;XIRECS;9285.0;2
686200;;;PEBBLES_M;XIRECS;10018.0;2
686200;;;PEBBLES_S;XIRECS;9745.0;2
686200;;;PEBBLES_XL;XIRECS;11983.0;2
686200;;;PEBBLES_XS;XIRECS;8935.0;2
691900;;;PEBBLES_L;XIRECS;9211.0;2
691900;;;PEBBLES_M;XIRECS;9926.0;2
691900;;;PEBBLES_S;XIRECS;9873.0;2
691900;;;PEBBLES_XL;XIRECS;12202.0;2
691900;;;PEBBLES_XS;XIRECS;8755.0;2
694800;;;PEBBLES_L;XIRECS;9185.0;3
694800;;;PEBBLES_M;XIRECS;9816.0;3
694800;;;PEBBLES_S;XIRECS;10017.0;3
694800;;;PEBBLES_XL;XIRECS;12232.0;3
694800;;;PEBBLES_XS;XIRECS;8782.0;3
697300;;;PEBBLES_L;XIRECS;9287.0;4
697300;;;PEBBLES_M;XIRECS;9835.0;4
697300;;;PEBBLES_S;XIRECS;10002.0;4
697300;;;PEBBLES_XL;XIRECS;12160.0;4
697300;;;PEBBLES_XS;XIRECS;8747.0;4
704600;;;PEBBLES_L;XIRECS;9342.0;5
704600;;;PEBBLES_M;XIRECS;9727.0;5
704600;;;PEBBLES_S;XIRECS;9851.0;5
704600;;;PEBBLES_XL;XIRECS;12301.0;5
704600;;;PEBBLES_XS;XIRECS;8810.0;5
714600;;;PEBBLES_L;XIRECS;8846.0;5
714600;;;PEBBLES_M;XIRECS;9500.0;5
714600;;;PEBBLES_S;XIRECS;9989.0;5
714600;;;PEBBLES_XL;XIRECS;12778.0;5
714600;;;PEBBLES_XS;XIRECS;8919.0;5
715400;;;PEBBLES_L;XIRECS;8859.0;5
715400;;;PEBBLES_M;XIRECS;9466.0;5
715400;;;PEBBLES_S;XIRECS;9989.0;5
715400;;;PEBBLES_XL;XIRECS;12767.0;5
715400;;;PEBBLES_XS;XIRECS;8886.0;5
727800;;;PEBBLES_L;XIRECS;8657.0;2
727800;;;PEBBLES_M;XIRECS;9454.0;2
727800;;;PEBBLES_S;XIRECS;9990.0;2
727800;;;PEBBLES_XL;XIRECS;13170.0;2
727800;;;PEBBLES_XS;XIRECS;8761.0;2
730200;;;PEBBLES_L;XIRECS;8711.0;4
730200;;;PEBBLES_M;XIRECS;9422.0;4
730200;;;PEBBLES_S;XIRECS;9950.0;4
730200;;;PEBBLES_XL;XIRECS;13089.0;4
730200;;;PEBBLES_XS;XIRECS;8860.0;4
731000;;;PEBBLES_L;XIRECS;8766.0;5
731000;;;PEBBLES_M;XIRECS;9369.0;5
731000;;;PEBBLES_S;XIRECS;9944.0;5
731000;;;PEBBLES_XL;XIRECS;13115.0;5
731000;;;PEBBLES_XS;XIRECS;8839.0;5
731100;;;PEBBLES_L;XIRECS;8774.0;2
731100;;;PEBBLES_M;XIRECS;9378.0;2
731100;;;PEBBLES_S;XIRECS;9937.0;2
731100;;;PEBBLES_XL;XIRECS;13109.0;2
731100;;;PEBBLES_XS;XIRECS;8833.0;2
731200;;;PEBBLES_L;XIRECS;8750.0;3
731200;;;PEBBLES_M;XIRECS;9357.0;3
731200;;;PEBBLES_S;XIRECS;9950.0;3
731200;;;PEBBLES_XL;XIRECS;13144.0;3
731200;;;PEBBLES_XS;XIRECS;8832.0;3
733600;;;PEBBLES_L;XIRECS;8694.0;2
733600;;;PEBBLES_M;XIRECS;9359.0;2
733600;;;PEBBLES_S;XIRECS;9933.0;2
733600;;;PEBBLES_XL;XIRECS;13197.0;2
733600;;;PEBBLES_XS;XIRECS;8850.0;2
737200;;;PEBBLES_L;XIRECS;8646.0;5
737200;;;PEBBLES_M;XIRECS;9354.0;5
737200;;;PEBBLES_S;XIRECS;9841.0;5
737200;;;PEBBLES_XL;XIRECS;13289.0;5
737200;;;PEBBLES_XS;XIRECS;8838.0;5
746800;;;PEBBLES_L;XIRECS;8881.0;5
746800;;;PEBBLES_M;XIRECS;9313.0;5
746800;;;PEBBLES_S;XIRECS;9593.0;5
746800;;;PEBBLES_XL;XIRECS;13291.0;5
746800;;;PEBBLES_XS;XIRECS;8889.0;5
747900;;;PEBBLES_L;XIRECS;8840.0;3
747900;;;PEBBLES_M;XIRECS;9302.0;3
747900;;;PEBBLES_S;XIRECS;9519.0;3
747900;;;PEBBLES_XL;XIRECS;13483.0;3
747900;;;PEBBLES_XS;XIRECS;8825.0;3
755200;;;PEBBLES_L;XIRECS;8773.0;5
755200;;;PEBBLES_M;XIRECS;9232.0;5
755200;;;PEBBLES_S;XIRECS;9390.0;5
755200;;;PEBBLES_XL;XIRECS;13789.0;5
755200;;;PEBBLES_XS;XIRECS;8848.0;5
756800;;;PEBBLES_L;XIRECS;8908.0;4
756800;;;PEBBLES_M;XIRECS;9227.0;4
756800;;;PEBBLES_S;XIRECS;9486.0;4
756800;;;PEBBLES_XL;XIRECS;13590.0;4
756800;;;PEBBLES_XS;XIRECS;8822.0;4
758600;;;PEBBLES_L;XIRECS;8924.0;2
758600;;;PEBBLES_M;XIRECS;9106.0;2
758600;;;PEBBLES_S;XIRECS;9449.0;2
758600;;;PEBBLES_XL;XIRECS;13816.0;2
758600;;;PEBBLES_XS;XIRECS;8738.0;2
758800;;;PEBBLES_L;XIRECS;8880.0;2
758800;;;PEBBLES_M;XIRECS;9087.0;2
758800;;;PEBBLES_S;XIRECS;9420.0;2
758800;;;PEBBLES_XL;XIRECS;13840.0;2
758800;;;PEBBLES_XS;XIRECS;8740.0;2
759100;;;PEBBLES_L;XIRECS;8884.0;4
759100;;;PEBBLES_M;XIRECS;9097.0;4
759100;;;PEBBLES_S;XIRECS;9447.0;4
759100;;;PEBBLES_XL;XIRECS;13794.0;4
759100;;;PEBBLES_XS;XIRECS;8744.0;4
759300;;;PEBBLES_L;XIRECS;8895.0;5
759300;;;PEBBLES_M;XIRECS;9133.0;5
759300;;;PEBBLES_S;XIRECS;9486.0;5
759300;;;PEBBLES_XL;XIRECS;13784.0;5
759300;;;PEBBLES_XS;XIRECS;8734.0;5
760600;;;PEBBLES_L;XIRECS;8932.0;2
760600;;;PEBBLES_M;XIRECS;9167.0;2
760600;;;PEBBLES_S;XIRECS;9334.0;2
760600;;;PEBBLES_XL;XIRECS;13699.0;2
760600;;;PEBBLES_XS;XIRECS;8837.0;2
771700;;;PEBBLES_L;XIRECS;9076.0;5
771700;;;PEBBLES_M;XIRECS;9241.0;5
771700;;;PEBBLES_S;XIRECS;9215.0;5
771700;;;PEBBLES_XL;XIRECS;13596.0;5
771700;;;PEBBLES_XS;XIRECS;8905.0;5
778200;;;PEBBLES_L;XIRECS;9195.0;2
778200;;;PEBBLES_M;XIRECS;9097.0;2
778200;;;PEBBLES_S;XIRECS;9144.0;2
778200;;;PEBBLES_XL;XIRECS;13657.0;2
778200;;;PEBBLES_XS;XIRECS;8874.0;2
780600;;;PEBBLES_L;XIRECS;9251.0;2
780600;;;PEBBLES_M;XIRECS;9096.0;2
780600;;;PEBBLES_S;XIRECS;9122.0;2
780600;;;PEBBLES_XL;XIRECS;13643.0;2
780600;;;PEBBLES_XS;XIRECS;8856.0;2
786100;;;PEBBLES_L;XIRECS;9254.0;2
786100;;;PEBBLES_M;XIRECS;8953.0;2
786100;;;PEBBLES_S;XIRECS;9008.0;2
786100;;;PEBBLES_XL;XIRECS;13882.0;2
786100;;;PEBBLES_XS;XIRECS;8935.0;2
788500;;;PEBBLES_L;XIRECS;9289.0;5
788500;;;PEBBLES_M;XIRECS;8979.0;5
788500;;;PEBBLES_S;XIRECS;9030.0;5
788500;;;PEBBLES_XL;XIRECS;13848.0;5
788500;;;PEBBLES_XS;XIRECS;8886.0;5
788800;;;PEBBLES_L;XIRECS;9292.0;3
788800;;;PEBBLES_M;XIRECS;8968.0;3
788800;;;PEBBLES_S;XIRECS;8994.0;3
788800;;;PEBBLES_XL;XIRECS;13825.0;3
788800;;;PEBBLES_XS;XIRECS;8888.0;3
789600;;;PEBBLES_L;XIRECS;9346.0;2
789600;;;PEBBLES_M;XIRECS;9017.0;2
789600;;;PEBBLES_S;XIRECS;9050.0;2
789600;;;PEBBLES_XL;XIRECS;13690.0;2
789600;;;PEBBLES_XS;XIRECS;8930.0;2
793100;;;PEBBLES_L;XIRECS;9338.0;5
793100;;;PEBBLES_M;XIRECS;9185.0;5
793100;;;PEBBLES_S;XIRECS;9079.0;5
793100;;;PEBBLES_XL;XIRECS;13374.0;5
793100;;;PEBBLES_XS;XIRECS;8991.0;5
794600;;;PEBBLES_L;XIRECS;9332.0;4
794600;;;PEBBLES_M;XIRECS;9146.0;4
794600;;;PEBBLES_S;XIRECS;9100.0;4
794600;;;PEBBLES_XL;XIRECS;13299.0;4
794600;;;PEBBLES_XS;XIRECS;9091.0;4
795400;;;PEBBLES_L;XIRECS;9389.0;2
795400;;;PEBBLES_M;XIRECS;9131.0;2
795400;;;PEBBLES_S;XIRECS;9128.0;2
795400;;;PEBBLES_XL;XIRECS;13182.0;2
795400;;;PEBBLES_XS;XIRECS;9202.0;2
801900;;;PEBBLES_L;XIRECS;9341.0;4
801900;;;PEBBLES_M;XIRECS;9142.0;4
801900;;;PEBBLES_S;XIRECS;9092.0;4
801900;;;PEBBLES_XL;XIRECS;13261.0;4
801900;;;PEBBLES_XS;XIRECS;9132.0;4
803600;;;PEBBLES_L;XIRECS;9374.0;2
803600;;;PEBBLES_M;XIRECS;9138.0;2
803600;;;PEBBLES_S;XIRECS;9122.0;2
803600;;;PEBBLES_XL;XIRECS;13317.0;2
803600;;;PEBBLES_XS;XIRECS;9082.0;2
805400;;;PEBBLES_L;XIRECS;9368.0;4
805400;;;PEBBLES_M;XIRECS;9198.0;4
805400;;;PEBBLES_S;XIRECS;9022.0;4
805400;;;PEBBLES_XL;XIRECS;13334.0;4
805400;;;PEBBLES_XS;XIRECS;9111.0;4
805500;;;PEBBLES_L;XIRECS;9387.0;4
805500;;;PEBBLES_M;XIRECS;9211.0;4
805500;;;PEBBLES_S;XIRECS;9006.0;4
805500;;;PEBBLES_XL;XIRECS;13305.0;4
805500;;;PEBBLES_XS;XIRECS;9124.0;4
812300;;;PEBBLES_L;XIRECS;9408.0;2
812300;;;PEBBLES_M;XIRECS;9285.0;2
812300;;;PEBBLES_S;XIRECS;8963.0;2
812300;;;PEBBLES_XL;XIRECS;13328.0;2
812300;;;PEBBLES_XS;XIRECS;9048.0;2
812500;;;PEBBLES_L;XIRECS;9442.0;4
812500;;;PEBBLES_M;XIRECS;9254.0;4
812500;;;PEBBLES_S;XIRECS;8993.0;4
812500;;;PEBBLES_XL;XIRECS;13299.0;4
812500;;;PEBBLES_XS;XIRECS;9044.0;4
822000;;;PEBBLES_L;XIRECS;9252.0;3
822000;;;PEBBLES_M;XIRECS;9403.0;3
822000;;;PEBBLES_S;XIRECS;9227.0;3
822000;;;PEBBLES_XL;XIRECS;13357.0;3
822000;;;PEBBLES_XS;XIRECS;8793.0;3
822900;;;PEBBLES_L;XIRECS;9210.0;5
822900;;;PEBBLES_M;XIRECS;9358.0;5
822900;;;PEBBLES_S;XIRECS;9211.0;5
822900;;;PEBBLES_XL;XIRECS;13446.0;5
822900;;;PEBBLES_XS;XIRECS;8742.0;5
823000;;;PEBBLES_L;XIRECS;9219.0;3
823000;;;PEBBLES_M;XIRECS;9367.0;3
823000;;;PEBBLES_S;XIRECS;9228.0;3
823000;;;PEBBLES_XL;XIRECS;13460.0;3
823000;;;PEBBLES_XS;XIRECS;8757.0;3
864900;;;PEBBLES_L;XIRECS;9385.0;4
864900;;;PEBBLES_M;XIRECS;9414.0;4
864900;;;PEBBLES_S;XIRECS;9355.0;4
864900;;;PEBBLES_XL;XIRECS;13618.0;4
864900;;;PEBBLES_XS;XIRECS;8261.0;4
867100;;;PEBBLES_L;XIRECS;9447.0;5
867100;;;PEBBLES_M;XIRECS;9397.0;5
867100;;;PEBBLES_S;XIRECS;9334.0;5
867100;;;PEBBLES_XL;XIRECS;13480.0;5
867100;;;PEBBLES_XS;XIRECS;8309.0;5
868800;;;PEBBLES_L;XIRECS;9411.0;2
868800;;;PEBBLES_M;XIRECS;9492.0;2
868800;;;PEBBLES_S;XIRECS;9275.0;2
868800;;;PEBBLES_XL;XIRECS;13605.0;2
868800;;;PEBBLES_XS;XIRECS;8250.0;2
870800;;;PEBBLES_L;XIRECS;9470.0;5
870800;;;PEBBLES_M;XIRECS;9508.0;5
870800;;;PEBBLES_S;XIRECS;9260.0;5
870800;;;PEBBLES_XL;XIRECS;13531.0;5
870800;;;PEBBLES_XS;XIRECS;8198.0;5
871400;;;PEBBLES_L;XIRECS;9509.0;3
871400;;;PEBBLES_M;XIRECS;9541.0;3
871400;;;PEBBLES_S;XIRECS;9254.0;3
871400;;;PEBBLES_XL;XIRECS;13475.0;3
871400;;;PEBBLES_XS;XIRECS;8188.0;3
877300;;;PEBBLES_L;XIRECS;9527.0;5
877300;;;PEBBLES_M;XIRECS;9505.0;5
877300;;;PEBBLES_S;XIRECS;9211.0;5
877300;;;PEBBLES_XL;XIRECS;13697.0;5
877300;;;PEBBLES_XS;XIRECS;8028.0;5
880700;;;PEBBLES_L;XIRECS;9439.0;3
880700;;;PEBBLES_M;XIRECS;9613.0;3
880700;;;PEBBLES_S;XIRECS;9211.0;3
880700;;;PEBBLES_XL;XIRECS;13708.0;3
880700;;;PEBBLES_XS;XIRECS;7997.0;3
887400;;;PEBBLES_L;XIRECS;9667.0;5
887400;;;PEBBLES_M;XIRECS;9506.0;5
887400;;;PEBBLES_S;XIRECS;9033.0;5
887400;;;PEBBLES_XL;XIRECS;13797.0;5
887400;;;PEBBLES_XS;XIRECS;7964.0;5
889300;;;PEBBLES_L;XIRECS;9824.0;5
889300;;;PEBBLES_M;XIRECS;9611.0;5
889300;;;PEBBLES_S;XIRECS;9050.0;5
889300;;;PEBBLES_XL;XIRECS;13627.0;5
889300;;;PEBBLES_XS;XIRECS;7921.0;5
892100;;;PEBBLES_L;XIRECS;9701.0;4
892100;;;PEBBLES_M;XIRECS;9537.0;4
892100;;;PEBBLES_S;XIRECS;9002.0;4
892100;;;PEBBLES_XL;XIRECS;13915.0;4
892100;;;PEBBLES_XS;XIRECS;7878.0;4
902400;;;PEBBLES_L;XIRECS;9825.0;2
902400;;;PEBBLES_M;XIRECS;9486.0;2
902400;;;PEBBLES_S;XIRECS;8909.0;2
902400;;;PEBBLES_XL;XIRECS;13731.0;2
902400;;;PEBBLES_XS;XIRECS;8082.0;2
903900;;;PEBBLES_L;XIRECS;9833.0;2
903900;;;PEBBLES_M;XIRECS;9355.0;2
903900;;;PEBBLES_S;XIRECS;8842.0;2
903900;;;PEBBLES_XL;XIRECS;13757.0;2
903900;;;PEBBLES_XS;XIRECS;8181.0;2
905800;;;PEBBLES_L;XIRECS;9839.0;4
905800;;;PEBBLES_M;XIRECS;9428.0;4
905800;;;PEBBLES_S;XIRECS;8958.0;4
905800;;;PEBBLES_XL;XIRECS;13481.0;4
905800;;;PEBBLES_XS;XIRECS;8327.0;4
909100;;;PEBBLES_L;XIRECS;9874.0;4
909100;;;PEBBLES_M;XIRECS;9410.0;4
909100;;;PEBBLES_S;XIRECS;9098.0;4
909100;;;PEBBLES_XL;XIRECS;13271.0;4
909100;;;PEBBLES_XS;XIRECS;8378.0;4
912700;;;PEBBLES_L;XIRECS;9914.0;5
912700;;;PEBBLES_M;XIRECS;9531.0;5
912700;;;PEBBLES_S;XIRECS;9079.0;5
912700;;;PEBBLES_XL;XIRECS;12994.0;5
912700;;;PEBBLES_XS;XIRECS;8515.0;5
914400;;;PEBBLES_L;XIRECS;9940.0;4
914400;;;PEBBLES_M;XIRECS;9428.0;4
914400;;;PEBBLES_S;XIRECS;8982.0;4
914400;;;PEBBLES_XL;XIRECS;13142.0;4
914400;;;PEBBLES_XS;XIRECS;8475.0;4
915200;;;PEBBLES_L;XIRECS;9922.0;5
915200;;;PEBBLES_M;XIRECS;9375.0;5
915200;;;PEBBLES_S;XIRECS;8961.0;5
915200;;;PEBBLES_XL;XIRECS;13215.0;5
915200;;;PEBBLES_XS;XIRECS;8494.0;5
934800;;;PEBBLES_L;XIRECS;10102.0;2
934800;;;PEBBLES_M;XIRECS;9764.0;2
934800;;;PEBBLES_S;XIRECS;9078.0;2
934800;;;PEBBLES_XL;XIRECS;12516.0;2
934800;;;PEBBLES_XS;XIRECS;8507.0;2
937800;;;PEBBLES_L;XIRECS;10071.0;3
937800;;;PEBBLES_M;XIRECS;9873.0;3
937800;;;PEBBLES_S;XIRECS;9116.0;3
937800;;;PEBBLES_XL;XIRECS;12567.0;3
937800;;;PEBBLES_XS;XIRECS;8340.0;3
940700;;;PEBBLES_L;XIRECS;10171.0;3
940700;;;PEBBLES_M;XIRECS;9773.0;3
940700;;;PEBBLES_S;XIRECS;9023.0;3
940700;;;PEBBLES_XL;XIRECS;12782.0;3
940700;;;PEBBLES_XS;XIRECS;8284.0;3
944200;;;PEBBLES_L;XIRECS;10224.0;4
944200;;;PEBBLES_M;XIRECS;9715.0;4
944200;;;PEBBLES_S;XIRECS;9176.0;4
944200;;;PEBBLES_XL;XIRECS;12575.0;4
944200;;;PEBBLES_XS;XIRECS;8342.0;4
945100;;;PEBBLES_L;XIRECS;10232.0;3
945100;;;PEBBLES_M;XIRECS;9741.0;3
945100;;;PEBBLES_S;XIRECS;9173.0;3
945100;;;PEBBLES_XL;XIRECS;12567.0;3
945100;;;PEBBLES_XS;XIRECS;8320.0;3
948600;;;PEBBLES_L;XIRECS;10315.0;3
948600;;;PEBBLES_M;XIRECS;9748.0;3
948600;;;PEBBLES_S;XIRECS;9135.0;3
948600;;;PEBBLES_XL;XIRECS;12523.0;3
948600;;;PEBBLES_XS;XIRECS;8312.0;3
959500;;;PEBBLES_L;XIRECS;10210.0;3
959500;;;PEBBLES_M;XIRECS;9576.0;3
959500;;;PEBBLES_S;XIRECS;8975.0;3
959500;;;PEBBLES_XL;XIRECS;12917.0;3
959500;;;PEBBLES_XS;XIRECS;8288.0;3
961700;;;PEBBLES_L;XIRECS;10176.0;4
961700;;;PEBBLES_M;XIRECS;9362.0;4
961700;;;PEBBLES_S;XIRECS;8945.0;4
961700;;;PEBBLES_XL;XIRECS;13165.0;4
961700;;;PEBBLES_XS;XIRECS;8319.0;4
970000;;;PEBBLES_L;XIRECS;10259.0;5
970000;;;PEBBLES_M;XIRECS;9176.0;5
970000;;;PEBBLES_S;XIRECS;9070.0;5
970000;;;PEBBLES_XL;XIRECS;13124.0;5
970000;;;PEBBLES_XS;XIRECS;8338.0;5
970400;;;PEBBLES_L;XIRECS;10246.0;5
970400;;;PEBBLES_M;XIRECS;9148.0;5
970400;;;PEBBLES_S;XIRECS;9078.0;5
970400;;;PEBBLES_XL;XIRECS;13190.0;5
970400;;;PEBBLES_XS;XIRECS;8370.0;5
971500;;;PEBBLES_L;XIRECS;10168.0;2
971500;;;PEBBLES_M;XIRECS;9053.0;2
971500;;;PEBBLES_S;XIRECS;9055.0;2
971500;;;PEBBLES_XL;XIRECS;13407.0;2
971500;;;PEBBLES_XS;XIRECS;8284.0;2
978200;;;PEBBLES_L;XIRECS;10019.0;2
978200;;;PEBBLES_M;XIRECS;9125.0;2
978200;;;PEBBLES_S;XIRECS;8962.0;2
978200;;;PEBBLES_XL;XIRECS;13555.0;2
978200;;;PEBBLES_XS;XIRECS;8306.0;2
981400;;;PEBBLES_L;XIRECS;10159.0;5
981400;;;PEBBLES_M;XIRECS;9139.0;5
981400;;;PEBBLES_S;XIRECS;9015.0;5
981400;;;PEBBLES_XL;XIRECS;13549.0;5
981400;;;PEBBLES_XS;XIRECS;8170.0;5
998400;;;PEBBLES_L;XIRECS;10059.0;5
998400;;;PEBBLES_M;XIRECS;9042.0;5
998400;;;PEBBLES_S;XIRECS;9144.0;5
998400;;;PEBBLES_XL;XIRECS;13629.0;5
998400;;;PEBBLES_XS;XIRECS;8093.0;5
